4764 6328
625 438 679 552 '36
875 456 1184 528 rcosuu
1240 429 1911 538 Arvanosrrcanuar

623 665 788 748 rationis
824 683 943 768 quam
975 664 1147 746 maxime
1176 659 1333 740 activae
1366 650 1656 761 observantur,
1684 681 1784 765 quae
1814 679 1948 742 autem
1982 682 2056 766 per
2086 669 2151 748 ali

619 822 722 909 quot
749 827 874 886 annos
911 807 1121 907 quiescere
1147 795 1364 898 videntur,
1407 801 1589 899 quamvis
1624 823 1707 882 non
1737 807 1896 908 penitus
1920 806 2151 909 quiescant,

616 945 689 1029 sed
715 948 794 1028 alio
822 943 947 1028 modo
970 943 1081 1042 vasa,
1109 945 1151 1022 in
1178 941 1227 1022 iis
1252 936 1331 1042 jam
1358 935 1607 1042 praesentia,
1631 944 1763 1046 prouti
1793 947 1858 1025 illa
1885 963 1987 1025 aetas
2023 947 2150 1052 reqni7

618 1089 694 1188 rit,
744 1103 890 1192 agunt,
933 1084 988 1166 stc
1028 1102 1189 1188 quoque
1230 1100 1282 1160 ex
1326 1079 1468 1160 horum
1510 1079 1772 1184 speciminum
1809 1091 2151 1192 contemplatione

612 1243 753 1336 ‘patere
785 1225 972 1328 videtur,
990 1228 1077 1306 alia
1109 1227 1264 1304 ratione
1300 1241 1414 1323 agere
1445 1218 1535 1302 vasa
1566 1226 1779 1306 ventriculi
1806 1228 1848 1306 in
1881 1248 2025 1308 recens
2059 1247 2151 1337 nato

616 1371 805 1468 homine,
834 1387 953 1470 atque
987 1367 1030 1445 in
1065 1361 1231 1461 adult0,
1267 1361 1369 1442 alius
1400 1382 1562 1444 naturae
1600 1365 1811 1446 humorem
1845 1369 2057 1470 gastricum
2098 1368 2153 1474 sef

614 1533 807 1609 cernere,
836 1506 885 1589 ad
918 1505 1112 1612 simplex,
1144 1500 1255 1606 quod
1286 1502 1366 1582 hoc
1393 1521 1580 1607 tempore
1612 1505 1683 1608 ipsa
1713 1504 1945 1588 distinatum
1969 1526 2058 1611 est,
2084 1513 2150 1620 ali3

615 1671 820 1750 mentum,
863 1650 951 1752 lac,
983 1643 1248 1753 digerendum
1284 1643 1437 1746 optime
1470 1645 1637 1741 valens,
1674 1666 1759 1722 non
1793 1665 1894 1728 vero
1932 1646 1980 1728 ad
2016 1655 2150 1732 omnia

613 1795 681 1876 illa
709 1788 900 1873 solvenda
944 1807 1109 1893 aptum,
1168 1804 1271 1886 quae
1308 1780 1440 1862 adulta
1477 1802 1607 1864 aetate
1639 1785 1681 1864 in
1712 1783 1825 1876 suurn
1863 1792 2148 1896 nutrimentum

610 1953 848 2014 convertere
883 1926 1033 2027 debet3
1075 1925 1256 2025 adeoque
1297 1923 1509 2028 probabile
1547 1944 1632 2027 est,
1666 1946 1841 2010 naturam
1875 1951 1928 2010 eo
1963 1905 2153 2040 ternpore¹

607 2071 898 2180 sapientissimo
919 2066 1085 2172 quidem
1114 2068 1313 2163 consilio,
1343 2086 1469 2168 aeque
1496 2085 1614 2169 atque
1642 2069 1685 2148 in
1707 2072 1889 2174 partibus
1901 2075 2143 2170 generationi

608 2210 939 2312 inservientibus,
970 2205 1158 2289 formasse
1191 2203 1373 2320 vasorum
1402 2226 1640 2292 contextum
1667 2214 1789 2316 magis
1819 2209 2075 2317 perfectum,
2099 2211 2145 2297 ad

608 2355 766 2438 succum
782 2355 1012 2458 gastricum,
1027 2372 1163 2456 aptum
1188 2333 1309 2432 aetati
1336 2349 1455 2450 huic,
1476 2367 1520 2431 et
1544 2347 1710 2433 diaetae
1726 2356 1873 2436 mixtae
1898 2375 2140 2460 congruum,

605 2492 908 2594 secernendum.
949 2491 1171 2574 Diversa-tas
1209 2495 1319 2574 enlm
1362 2493 1533 2573 mavima
1565 2492 1663 2575 haec
1683 2512 1821 2599 patet,
1850 2493 2075 2602 srdiversas
2102 2497 2144 2579 fi-

607 2659 722 2743 guras
749 2641 793 2720 in
831 2637 905 2716 hac
935 2634 1035 2716 Tab.
1067 2633 1185 2719 Vlll.
1215 2639 1464 2738 intueamur,
1494 2657 1663 2739 quarum
1698 2741 1700 2746 Ι

659 2780 788 2863 Prima
819 2780 1050 2882 portionem
1078 2772 1340 2880 repraesentat
1373 2781 1593 2862 ventriculi.
1621 2779 1806 2862 hominis
1836 2776 1991 2885 adulti,
2034 2783 2141 2889 cujus

605 2927 768 3006 arteriae
807 2920 920 3002 rubra
955 2921 1120 3000 materia
1149 2916 1399 3032 subtilissima
1419 2915 1509 3001 sunt
1530 2921 1750 3024 impletae,
1779 2944 1909 3002 venae
1933 2924 2141 3022 caerulea,

605 3069 648 3147 in
668 3085 747 3168 qua·
762 3083 845 3142 non
868 3079 1020 3142 tanturn
1050 3063 1255 3164 ingentem
1288 3083 1499 3142 numerum
1527 3059 1712 3144 vasorum
1747 3062 2045 3168 conspicimus,
2074 3084 2142 3148 ve·

603 3201 690 3290 rum
726 3209 847 3286 etiam
880 3219 1113 3282 contextum
1146 3223 1283 3284 eorum
1319 3205 1601 3308 multomagis
1637 3202 1928 3306 compositum,
1958 3224 2076 3305 quam
2099 3205 2143 3284 in

603 3345 691 3453 lig.
720 3373 785 3452 4.,
814 3367 893 3448 qua
913 3343 1050 3426 similis
1078 3345 1290 3426 ventriculi
1311 3346 1447 3450 portio
1471 3341 1783 3450 repraesentatur
1800 3339 2045 3444 exinfante,
2073 3365 2139 3426 cu-

602 3490 665 3596 jus
704 3489 870 3569 arteriae
903 3483 1152 3568 subtilissima
1184 3508 1351 3590 qnoque
1380 3489 1547 3568 materia.
1567 3482 1657 3566 sunt
1679 3485 1898 3588 impletae,
1927 3483 1981 3562 ita
2003 3500 2050 3564 ut
2072 3503 2142 3587 per

600 3651 726 3712 venas
760 3626 949 3727 redierit3
991 3630 1034 3708 in
1076 3625 1149 3707 hac
1181 3628 1302 3732 igitur
1345 3629 1480 3708 omnia
1522 3644 1671 3730 puncta
1705 3620 1938 3720 substantiae
1971 3627 2140 3706 vasculis

604 3785 711 3851 tecta
746 3766 860 3868 sunta
904 3769 1033 3850 multo
1067 3789 1167 3848 vero
1202 3767 1420 3874 simplicior
1464 3787 1628 3872 apparet
1668 3761 1818 3846 fabrica
1855 3780 1898 3844 et
1943 3786 2032 3847 oon
2061 3782 2141 3848 tam

598 3913 862 4016 complicatus
888 3928 1028 3989 eorum
1060 3909 1166 3989 inter
1192 3907 1236 3989 se
1260 3927 1502 4014 contextus,
1532 3912 1588 3991 ita
1622 3924 1666 3990 ut
1693 3907 1795 3986 hanc
1830 3922 1982 4010 partem
2006 3907 2140 4010 potius

601 4051 826 4156 simplicem
846 4049 1114 4130 membranam
1138 4068 1327 4152 putareS,
1349 4075 1433 4134 non
1447 4069 1602 4134 tantum
1614 4050 1742 4130 multo
1762 4046 2011 4145 tenuiorem,
2026 4063 2142 4145 quam

603 4209 720 4290 eam,
750 4165 801 4267 de
828 4207 906 4288 qua
927 4205 1023 4266 mox
1044 4182 1191 4268 fuimus
1216 4192 1365 4296 locuti,
1392 4192 1462 4276 sed
1491 4197 1612 4276 etiam
1634 4190 1762 4273 multo
1786 4185 1937 4268 minori
1954 4183 2138 4268 vasculo..-

602 4351 694 4413 rtrm
731 4346 923 4446 apparatu
961 4321 1225 4432 instructam,
1269 4339 1451 4436 quamvis
1477 4354 1621 4418 omnes
1647 4334 1834 4430 tunicae,
1869 4325 2141 4408 ventriculum

600 4483 919 4573 componentes,
952 4468 995 4548 in
1028 4467 1111 4550 laoc
1135 4467 1361 4576 specimine·
1391 4499 1522 4583 aeque
1552 4469 1760 4581 perfectae
1789 4465 1916 4550 adstat
1942 4482 2061 4568 atque
2095 4467 2142 4547 iu

602 4613 748 4718 priore.
786 4609 859 4692 De
874 4627 985 4716 parte
1005 4632 1105 4694 vero
1121 4609 1376 4720 speciminis,
1398 4619 1430 4702 F
1434 4623 1489 4726 ig.
1520 4641 1554 4698 1.
1577 4599 1798 4710 delineati,
1813 4603 1987 4690 sublatae
2003 4619 2136 4710 partes

598 4767 652 4840 et
682 4751 863 4836 invicem
887 4747 1095 4858 separatae
1128 4754 1461 4870 conspiciuntur,
1501 4755 1590 4861 lig.
1629 4777 1653 4838 a
1687 4769 1729 4835 et
1765 4774 1803 4857 3.
1841 4762 2028 4848 notatae3
2063 4743 2137 4836 hir
