4728 6338
560 469 643 556 ”Q
842 451 1898 548 ltonuu·duanoutoannu

488 661 492 668 ⁴
584 705 721 774 eurum
753 701 849 768 nota
880 677 1075 786 superfit3
1106 679 1147 758 in
1173 675 1247 758 hac
1274 689 1412 756 autern
1441 667 1635 759 inferiore
1671 697 1783 780 parte
1818 669 1888 763 ilei
1915 700 2125 788 apparatus

584 830 654 912 ille
679 823 952 932 glandularum
987 817 1261 924 conspicitur,
1289 835 1392 920 quae
1424 835 1589 898 murum
1625 813 1863 921 secernunt,
1891 843 1974 924 quo
2010 823 2131 908 luba'·

585 988 635 1050 ea·
667 961 713 1048 fir
751 966 893 1048 intima
931 961 1114 1044 intestini
1155 953 1384 1063 superficies
1413 933 1476 1038 ¹et
1527 960 1679 1042 extima
1719 963 1893 1064 partium
1928 983 2131 1070 corrupta·

584 1131 695 1210 rum,
725 1127 827 1211 quae
852 1123 1014 1208 quoque
1037 1098 1246 1183 solidiores
1269 1095 1350 1204 jam
1379 1095 1557 1184 redditae
1582 1097 1693 1203 sunt,
1721 1123 1794 1206 per
1821 1098 2021 1208 absorptus
2043 1128 2130 1211 par·

586 1267 651 1334 tes
685 1243 920 1349 fluidiores,
949 1259 1072 1326 uteo
1096 1235 1256 1338 lucilius
1283 1257 1455 1322 coecum
1474 1239 1637 1345 versus,
1667 1239 1886 1326 crassorum
1917 1247 2127 1330 intestino

585 1415 672 1475 rurn
704 1392 907 1498 primum,
935 1385 1186 1492 peristaltico
1219 1375 1408 1464 fibrarum
1432 1383 1503 1464 ilei
1526 1385 1811 1466 muscularium
1835 1401 1951 1466 motu
1981 1382 2138 1484 deserri

584 1527 765 1638 possrnt,
783 1529 828 1611 in
848 1521 959 1632 quod
981 1522 1221 1607 intestinum
1242 1516 1334 1604 finis
1364 1523 1548 1606 tenuium
1568 1522 1750 1629 singulari
1772 1519 1897 1605 modo
1918 1522 2127 1630 inseritur3

584 1673 655 1756 ubi
685 1693 786 1754 vero
822 1683 983 1776 praeter
1016 1661 1141 1748 modo
1171 1660 1388 1768 descriptas
1414 1679 1459 1744 et
1484 1661 1559 1746 hac
1591 1664 1714 1746 icone
1757 1659 1974 1748 delineatur
2020 1669 2126 1774 glan·

588 1809 700 1894 dulas
728 1811 829 1894 alius
857 1821 1064 1916 apparatus
1098 1802 1398 1909 folliculorum,
1425 1826 1590 1900 mucuns
1615 1809 1964 1912 praeparantium,
1984 1806 2120 1917 adest,

584 1975 667 2060 quo
694 1952 867 2036 ulterius
899 1946 1106 2057 perficitur
1130 1946 1365 2050 lubricitas,
1385 1967 1514 2050 -quam
1536 1946 1684 2029 habere
1705 1941 1858 2028 debent
1887 1965 2020 2053 partes
2045 1945 2127 2034 fae·

586 2095 802 2194 cruentae,
844 2113 969 2196 quum
1000 2087 1095 2194 ipsrs
1127 2091 1295 2174 valvula
1323 2091 1441 2200 coeci
1475 2084 1695 2196 superanda
1724 2088 1802 2192 srt,
1832 2109 1935 2196 quae
1963 2108 2122 2178 notatur

583 2231 663 2320 N0.
694 2225 1084 2340 345.‘drscn‘ptionis
1117 2222 1251 2335 Musei
1279 2245 1325 2314 et
1346 2226 1532 2335 sequenti
1558 2244 1701 2339 postea
1725 2233 1846 2316 etiarn
1871 2235 1996 2318 icone
2016 2235 2126 2320 illus-

584 2373 766 2458 mffiu
2084 2431 2088 2440 .

641 2517 692 2602 ln
719 2516 794 2600 hac
823 2517 947 2623 igitur
977 2532 1091 2624 parte
1121 2531 1331 2626 apparatus
1365 2511 1639 2626 glandrdarurn
1668 2518 1959 2625 mucipararun
1997 2521 2125 2626 requi·

588 2661 708 2760 ritur,
738 2658 808 2760 qui
822 2658 869 2740 in
880 2653 1155 2766 superioribus
1177 2659 1364 2744 intestini
1389 2660 1525 2744 tenuis
1552 2658 1730 2767 partibus
1747 2662 1897 2746 nullam
1920 2673 2117 2768 praestare

586 2798 788 2910 potuisset
810 2797 1050 2905 utilitatem,
1076 2799 1162 2888 ino
1191 2800 1331 2910 potius
1359 2792 1507 2888 risisset
1530 2801 1696 2888 nonus
1918 2803 1920 2812 “
