4764 6328
594 1165 1523 1316 iconum

345 1609 1114 1728 nunsouronnust
1180 1614 1767 1730 Fasciculus
1874 1593 1880 1606 '

876 1800 1237 1913 ussurus

694 2235 1427 2322 mmm-

731 2657 1383 2788 TABULAal.

520 2933 1593 3073 Putmounuoumoonum

178 3399 185 3410 r
344 3297 410 3447 In
433 3343 520 3447 ¹hac
550 3369 678 3469 prima
712 3370 832 3448 icone
869 3363 1213 3470 repraesentantur
1244 3347 1459 3474 pulmones
1493 3390 1586 3452 cum
1621 3364 1744 3448 corde
1770 3368 1827 3448 in-

290 3503 411 3589 fantis
433 3527 576 3590 recens
602 3511 708 3608 nati,
737 3531 831 3590 cum
850 3529 990 3610 aspera
1015 3509 1157 3589 arteria
1181 3509 1407 3610 inliquore
1426 3503 1641 3611 spirituoso
1667 3504 1824 3588 servati.

288 3645 456 3749 Duplex
488 3641 633 3728 diversr
665 3646 815 3728 coloris
842 3649 1026 3728 materies
1060 3643 1238 3727 adhibita
1274 3662 1358 3746 est,
1394 3642 1446 3725 ad
1477 3648 1659 3726 intimam
1688 3647 1826 3726 harum

234 3875 240 3890 ,
289 3789 462 3890 partium
488 3780 721 3868 structuram
748 3783 1044 3888 illustrandam3
1073 3785 1261 3869 materies
1291 3781 1471 3887 subtilis,
1494 3778 1694 3868 coeruleo¹
1715 3786 1828 3864 colo·
1921 3839 1927 3854 .

288 3946 329 4004 re
361 3927 512 4027 tincta,
540 3921 697 4006 inmissa
722 3943 788 4008 est
812 3924 1033 4032 prudenter
1068 3944 1109 4008 et
1138 3929 1251 4010 lente
1287 3921 1503 4012 admodum
1536 3945 1610 4030 per
1648 3945 1828 4028 asperam

290 4069 473 4147 arteriam
515 4067 557 4146 in
602 4067 797 4150 bronchia
830 4084 872 4148 et
912 4069 1068 4150 canales
1103 4063 1317 4168 auriferas,
1359 4085 1442 4168 quo
1479 4058 1632 4146 factum
1667 4079 1753 4164 est,
1781 4081 1828 4146 ut

289 4209 500 4308 pulmones
528 4205 688 4310 expanti
717 4203 886 4309 fierent,
929 4231 975 4290 ac
1004 4209 1035 4291 fi
1063 4210 1160 4290 aire
1194 4205 1332 4294 inflato
1366 4221 1592 4311 turgerent,
1624 4222 1669 4290 et
1694 4211 1827 4291 omnis

290 4367 456 4428 externa
490 4367 632 4430 eonun
667 4344 898 4454 superficies
939 4351 1197 4454 aequabiliter
1234 4343 1406 4431 immissa
1440 4348 1600 4428 materie
1627 4343 1829 4430 videretur

290 4483 483 4587 expansa3
525 4504 609 4568 tum
643 4512 745 4575 vero
780 4494 900 4576 etiam
937 4511 1009 4596 per
1040 4514 1186 4574 venam
1214 4511 1360 4598 'cavam
1394 4483 1656 4587 inferiorem,
1698 4490 1828 4592 ligatis
1899 4543 1908 4564 .

290 4629 398 4728 prius
425 4625 630 4734 superiore
657 4637 863 4718 etarteria
889 4653 998 4716 aorta
1027 4632 1196 4740 ejusque
1230 4633 1349 4716 ramis
1377 4627 1619 4735 majoribus,
1650 4623 1856 4734 ejusdem

138 4871 145 4896 x
288 4763 516 4851 subtilitatis
542 4773 704 4855 materia
729 4773 843 4856 rubra
879 4772 1050 4862 immissa
1083 4793 1147 4860 est
1180 4781 1225 4860 in
1260 4796 1332 4858 cor
1364 4790 1408 4856 et
1438 4793 1513 4878 per
1537 4769 1696 4885 hoe-in
1726 4785 1832 4870 arte<

1559 4935 1575 4991 1
