<?xml version="1.0" encoding="UTF-8"?>
<!DOCTYPE html PUBLIC "-//W3C//DTD XHTML 1.0 Transitional//EN"
    "http://www.w3.org/TR/xhtml1/DTD/xhtml1-transitional.dtd">
<html xmlns="http://www.w3.org/1999/xhtml" xml:lang="en" lang="en">
 <head>
  <title>
</title>
<meta http-equiv="Content-Type" content="text/html;charset=utf-8" />
  <meta name='ocr-system' content='tesseract 3.04.00' />
  <meta name='ocr-capabilities' content='ocr_page ocr_carea ocr_par ocr_line ocrx_word'/>
</head>
<body>
  <div class='ocr_page' id='page_1' title='image "./iconesanatomico00bleugoog_0023.png"; bbox 0 0 4778 6330; ppageno 0'>
   <div class='ocr_carea' id='block_1_1' title="bbox 591 410 1891 506">
    <p class='ocr_par' dir='ltr' id='par_1_1' title="bbox 591 410 1891 506">
     <span class='ocr_line' id='line_1_1' title="bbox 591 410 1891 506; baseline 0.001 -8"><span class='ocrx_word' id='word_1_1' title='bbox 591 450 639 506; x_wconf 73' lang='lat' dir='ltr'><strong>m</strong></span> <span class='ocrx_word' id='word_1_2' title='bbox 846 419 1160 496; x_wconf 74' lang='lat' dir='ltr'><strong>[comum</strong></span> <span class='ocrx_word' id='word_1_3' title='bbox 1218 410 1891 499; x_wconf 74' lang='lat' dir='ltr'><strong>Annaouronuuu</strong></span> 
     </span>
    </p>
   </div>
   <div class='ocr_carea' id='block_1_2' title="bbox 551 632 2190 4872">
    <p class='ocr_par' dir='ltr' id='par_1_2' title="bbox 551 632 2190 4872">
     <span class='ocr_line' id='line_1_2' title="bbox 585 632 2145 744; baseline 0.001 -18"><span class='ocrx_word' id='word_1_4' title='bbox 585 644 756 743; x_wconf 75' lang='lat' dir='ltr'><strong>nodam,</strong></span> <span class='ocrx_word' id='word_1_5' title='bbox 816 664 867 722; x_wconf 83' lang='lat' dir='ltr'><strong>ex</strong></span> <span class='ocrx_word' id='word_1_6' title='bbox 901 639 1043 744; x_wconf 81' lang='lat' dir='ltr'><strong>primis</strong></span> <span class='ocrx_word' id='word_1_7' title='bbox 1080 632 1393 737; x_wconf 67' lang='lat' dir='ltr'><strong>unctulum,</strong></span> <span class='ocrx_word' id='word_1_8' title='bbox 1445 652 1495 712; x_wconf 81' lang='lat' dir='ltr'><strong>ex</strong></span> <span class='ocrx_word' id='word_1_9' title='bbox 1526 635 1702 738; x_wconf 74' lang='lat' dir='ltr'><strong>partibus</strong></span> <span class='ocrx_word' id='word_1_10' title='bbox 1739 639 1982 742; x_wconf 75' lang='lat' dir='ltr'><strong>genitalibus</strong></span> <span class='ocrx_word' id='word_1_11' title='bbox 2019 655 2145 736; x_wconf 69' lang='lat' dir='ltr'><strong>etima</strong></span> 
     </span>
     <span class='ocr_line' id='line_1_3' title="bbox 583 773 2137 892; baseline 0.002 -26"><span class='ocrx_word' id='word_1_12' title='bbox 583 805 741 892; x_wconf 88' lang='lat' dir='ltr'><strong>partem</strong></span> <span class='ocrx_word' id='word_1_13' title='bbox 778 782 971 866; x_wconf 81' lang='lat' dir='ltr'><strong>materiae</strong></span> <span class='ocrx_word' id='word_1_14' title='bbox 1002 777 1229 878; x_wconf 70' lang='lat' dir='ltr'><strong>serni—naha,</strong></span> <span class='ocrx_word' id='word_1_15' title='bbox 1265 796 1288 854; x_wconf 89' lang='lat' dir='ltr'><strong>e</strong></span> <span class='ocrx_word' id='word_1_16' title='bbox 1317 773 1576 880; x_wconf 85' lang='lat' dir='ltr'><strong>pulmonibus</strong></span> <span class='ocrx_word' id='word_1_17' title='bbox 1602 794 1766 883; x_wconf 83' lang='lat' dir='ltr'><strong>praeter</strong></span> <span class='ocrx_word' id='word_1_18' title='bbox 1800 780 1937 864; x_wconf 74' lang='lat' dir='ltr'><strong>utrem</strong></span> <span class='ocrx_word' id='word_1_19' title='bbox 1970 791 2137 874; x_wconf 58' lang='lat' dir='ltr'><strong>trithem</strong></span> 
     </span>
     <span class='ocr_line' id='line_1_4' title="bbox 582 913 2135 1034; baseline 0.001 -26"><span class='ocrx_word' id='word_1_20' title='bbox 582 922 757 1008; x_wconf 86' lang='lat' dir='ltr'><strong>diversas</strong></span> <span class='ocrx_word' id='word_1_21' title='bbox 783 941 918 1030; x_wconf 83' lang='lat' dir='ltr'><strong>partes</strong></span> <span class='ocrx_word' id='word_1_22' title='bbox 955 919 1257 1026; x_wconf 87' lang='lat' dir='ltr'><strong>atmosphaerae</strong></span> <span class='ocrx_word' id='word_1_23' title='bbox 1292 913 1591 1020; x_wconf 86' lang='lat' dir='ltr'><strong>accidentales,</strong></span> <span class='ocrx_word' id='word_1_24' title='bbox 1636 937 1659 995; x_wconf 89' lang='lat' dir='ltr'><strong>e</strong></span> <span class='ocrx_word' id='word_1_25' title='bbox 1698 916 1905 1024; x_wconf 85' lang='lat' dir='ltr'><strong>superficie</strong></span> <span class='ocrx_word' id='word_1_26' title='bbox 1952 937 2135 1034; x_wconf 83' lang='lat' dir='ltr'><strong>eorporis</strong></span> 
     </span>
     <span class='ocr_line' id='line_1_5' title="bbox 579 1057 2134 1174; baseline 0.001 -24"><span class='ocrx_word' id='word_1_27' title='bbox 579 1089 620 1150; x_wconf 90' lang='lat' dir='ltr'><strong>et</strong></span> <span class='ocrx_word' id='word_1_28' title='bbox 653 1071 815 1150; x_wconf 87' lang='lat' dir='ltr'><strong>tunicae</strong></span> <span class='ocrx_word' id='word_1_29' title='bbox 848 1061 1035 1172; x_wconf 83' lang='lat' dir='ltr'><strong>adiposae</strong></span> <span class='ocrx_word' id='word_1_30' title='bbox 1074 1060 1298 1143; x_wconf 85' lang='lat' dir='ltr'>cavernulis</span> <span class='ocrx_word' id='word_1_31' title='bbox 1335 1078 1495 1164; x_wconf 88' lang='lat' dir='ltr'><strong>praeter</strong></span> <span class='ocrx_word' id='word_1_32' title='bbox 1531 1057 1772 1144; x_wconf 86' lang='lat' dir='ltr'><strong>smecticum</strong></span> <span class='ocrx_word' id='word_1_33' title='bbox 1805 1065 1907 1145; x_wconf 89' lang='lat' dir='ltr'><strong>corii</strong></span> <span class='ocrx_word' id='word_1_34' title='bbox 1944 1064 2134 1174; x_wconf 81' lang='lat' dir='ltr'><strong>halitum,</strong></span> 
     </span>
     <span class='ocr_line' id='line_1_6' title="bbox 580 1201 2134 1315; baseline 0.003 -24"><span class='ocrx_word' id='word_1_35' title='bbox 580 1207 779 1315; x_wconf 81' lang='lat' dir='ltr'><strong>quidquid</strong></span> <span class='ocrx_word' id='word_1_36' title='bbox 805 1216 850 1294; x_wconf 92' lang='lat' dir='ltr'><strong>in</strong></span> <span class='ocrx_word' id='word_1_37' title='bbox 874 1224 1111 1290; x_wconf 86' lang='lat' dir='ltr'><strong>contactum</strong></span> <span class='ocrx_word' id='word_1_38' title='bbox 1148 1205 1251 1284; x_wconf 90' lang='lat' dir='ltr'><strong>cutis</strong></span> <span class='ocrx_word' id='word_1_39' title='bbox 1274 1205 1489 1307; x_wconf 84' lang='lat' dir='ltr'><strong>pervenit,</strong></span> <span class='ocrx_word' id='word_1_40' title='bbox 1519 1221 1636 1306; x_wconf 84' lang='lat' dir='ltr'><strong>atque</strong></span> <span class='ocrx_word' id='word_1_41' title='bbox 1661 1201 1778 1309; x_wconf 87' lang='lat' dir='ltr'><strong>hujus</strong></span> <span class='ocrx_word' id='word_1_42' title='bbox 1801 1209 1923 1311; x_wconf 86' lang='lat' dir='ltr'><strong>partis</strong></span> <span class='ocrx_word' id='word_1_43' title='bbox 1948 1207 2134 1295; x_wconf 88' lang='lat' dir='ltr'><strong>vasorum</strong></span> 
     </span>
     <span class='ocr_line' id='line_1_7' title="bbox 577 1342 2137 1452; baseline -0.002 -16"><span class='ocrx_word' id='word_1_44' title='bbox 577 1349 880 1436; x_wconf 85' lang='lat' dir='ltr'><strong>absorbentium</strong></span> <span class='ocrx_word' id='word_1_45' title='bbox 918 1351 1065 1433; x_wconf 72' lang='lat' dir='ltr'><strong>osculis</strong></span> <span class='ocrx_word' id='word_1_46' title='bbox 1104 1342 1311 1428; x_wconf 81' lang='lat' dir='ltr'>absorberi</span> <span class='ocrx_word' id='word_1_47' title='bbox 1347 1360 1502 1450; x_wconf 79' lang='lat' dir='ltr'><strong>potest.</strong></span> <span class='ocrx_word' id='word_1_48' title='bbox 1558 1345 1601 1427; x_wconf 92' lang='lat' dir='ltr'><strong>Si</strong></span> <span class='ocrx_word' id='word_1_49' title='bbox 1635 1366 1758 1452; x_wconf 90' lang='lat' dir='ltr'><strong>porro</strong></span> <span class='ocrx_word' id='word_1_50' title='bbox 1797 1352 1975 1431; x_wconf 86' lang='lat' dir='ltr'><strong>animum</strong></span> <span class='ocrx_word' id='word_1_51' title='bbox 2005 1368 2137 1436; x_wconf 85' lang='lat' dir='ltr'><strong>atten-</strong></span> 
     </span>
     <span class='ocr_line' id='line_1_8' title="bbox 580 1484 2138 1596; baseline -0.001 -20"><span class='ocrx_word' id='word_1_52' title='bbox 580 1494 747 1596; x_wconf 85' lang='lat' dir='ltr'><strong>damus,</strong></span> <span class='ocrx_word' id='word_1_53' title='bbox 786 1498 832 1577; x_wconf 88' lang='lat' dir='ltr'><strong>in</strong></span> <span class='ocrx_word' id='word_1_54' title='bbox 854 1516 951 1596; x_wconf 90' lang='lat' dir='ltr'><strong>quas</strong></span> <span class='ocrx_word' id='word_1_55' title='bbox 981 1488 1318 1594; x_wconf 85' lang='lat' dir='ltr'><strong>degenerationes</strong></span> <span class='ocrx_word' id='word_1_56' title='bbox 1339 1486 1484 1568; x_wconf 86' lang='lat' dir='ltr'><strong>abeant</strong></span> <span class='ocrx_word' id='word_1_57' title='bbox 1517 1485 1591 1567; x_wconf 85' lang='lat' dir='ltr'><strong>hae</strong></span> <span class='ocrx_word' id='word_1_58' title='bbox 1628 1484 1808 1569; x_wconf 86' lang='lat' dir='ltr'><strong>diversae</strong></span> <span class='ocrx_word' id='word_1_59' title='bbox 1848 1493 2100 1574; x_wconf 81' lang='lat' dir='ltr'><strong>membranae</strong></span> <span class='ocrx_word' id='word_1_60' title='bbox 2117 1558 2138 1596; x_wconf 66' lang='lat'><strong>,‚</strong></span> 
     </span>
     <span class='ocr_line' id='line_1_9' title="bbox 580 1628 2129 1738; baseline 0.001 -20"><span class='ocrx_word' id='word_1_61' title='bbox 580 1661 647 1720; x_wconf 83' lang='lat' dir='ltr'><strong>eas</strong></span> <span class='ocrx_word' id='word_1_62' title='bbox 684 1642 727 1720; x_wconf 90' lang='lat' dir='ltr'><strong>in</strong></span> <span class='ocrx_word' id='word_1_63' title='bbox 759 1633 861 1719; x_wconf 85' lang='lat' dir='ltr'><strong>statu</strong></span> <span class='ocrx_word' id='word_1_64' title='bbox 897 1632 1086 1717; x_wconf 86' lang='lat' dir='ltr'><strong>morboso</strong></span> <span class='ocrx_word' id='word_1_65' title='bbox 1127 1631 1453 1733; x_wconf 88' lang='lat' dir='ltr'><strong>contemplemur</strong></span> <span class='ocrx_word' id='word_1_66' title='bbox 1495 1645 1687 1734; x_wconf 85' lang='lat' dir='ltr'><strong>oportet,</strong></span> <span class='ocrx_word' id='word_1_67' title='bbox 1745 1647 1832 1711; x_wconf 91' lang='lat' dir='ltr'><strong>tum</strong></span> <span class='ocrx_word' id='word_1_68' title='bbox 1871 1628 2129 1738; x_wconf 84' lang='lat' dir='ltr'><strong>videbimus,</strong></span> 
     </span>
     <span class='ocr_line' id='line_1_10' title="bbox 577 1768 2132 1886; baseline 0.001 -28"><span class='ocrx_word' id='word_1_69' title='bbox 577 1803 642 1861; x_wconf 83' lang='lat' dir='ltr'><strong>eas</strong></span> <span class='ocrx_word' id='word_1_70' title='bbox 683 1775 1021 1886; x_wconf 83' lang='lat' dir='ltr'><strong>degenerationes</strong></span> <span class='ocrx_word' id='word_1_71' title='bbox 1059 1777 1103 1854; x_wconf 90' lang='lat' dir='ltr'><strong>in</strong></span> <span class='ocrx_word' id='word_1_72' title='bbox 1145 1769 1305 1878; x_wconf 85' lang='lat' dir='ltr'><strong>fingulis</strong></span> <span class='ocrx_word' id='word_1_73' title='bbox 1350 1768 1528 1852; x_wconf 85' lang='lat' dir='ltr'><strong>diversae</strong></span> <span class='ocrx_word' id='word_1_74' title='bbox 1563 1769 1784 1855; x_wconf 84' lang='lat' dir='ltr'><strong>admodum</strong></span> <span class='ocrx_word' id='word_1_75' title='bbox 1819 1772 1969 1859; x_wconf 84' lang='lat' dir='ltr'><strong>indolis</strong></span> <span class='ocrx_word' id='word_1_76' title='bbox 2011 1776 2132 1878; x_wconf 73' lang='lat' dir='ltr'><strong>esse;</strong></span> 
     </span>
     <span class='ocr_line' id='line_1_11' title="bbox 574 1912 2129 2026; baseline -0.003 -23"><span class='ocrx_word' id='word_1_77' title='bbox 574 1925 635 2003; x_wconf 86' lang='lat' dir='ltr'><strong>uti</strong></span> <span class='ocrx_word' id='word_1_78' title='bbox 677 1924 791 2002; x_wconf 90' lang='lat' dir='ltr'><strong>enim</strong></span> <span class='ocrx_word' id='word_1_79' title='bbox 825 1923 1092 2026; x_wconf 68' lang='lat' dir='ltr'><strong>peracranium</strong></span> <span class='ocrx_word' id='word_1_80' title='bbox 1128 1935 1202 2020; x_wconf 88' lang='lat' dir='ltr'><strong>per</strong></span> <span class='ocrx_word' id='word_1_81' title='bbox 1246 1913 1396 1997; x_wconf 90' lang='lat' dir='ltr'><strong>doloris</strong></span> <span class='ocrx_word' id='word_1_82' title='bbox 1437 1912 1672 1996; x_wconf 87' lang='lat' dir='ltr'><strong>eonsensum</strong></span> <span class='ocrx_word' id='word_1_83' title='bbox 1705 1937 1798 1994; x_wconf 89' lang='lat' dir='ltr'><strong>cum</strong></span> <span class='ocrx_word' id='word_1_84' title='bbox 1835 1935 1930 1997; x_wconf 86' lang='lat' dir='ltr'><strong>cute</strong></span> <span class='ocrx_word' id='word_1_85' title='bbox 1952 1914 2129 1998; x_wconf 89' lang='lat' dir='ltr'><strong>-subinde</strong></span> 
     </span>
     <span class='ocr_line' id='line_1_12' title="bbox 575 2056 2130 2164; baseline -0.003 -18"><span class='ocrx_word' id='word_1_86' title='bbox 575 2063 740 2147; x_wconf 88' lang='lat' dir='ltr'><strong>materia</strong></span> <span class='ocrx_word' id='word_1_87' title='bbox 782 2059 992 2160; x_wconf 83' lang='lat' dir='ltr'><strong>morbosa,</strong></span> <span class='ocrx_word' id='word_1_88' title='bbox 1045 2079 1147 2162; x_wconf 88' lang='lat' dir='ltr'><strong>quae</strong></span> <span class='ocrx_word' id='word_1_89' title='bbox 1181 2056 1284 2138; x_wconf 86' lang='lat' dir='ltr'><strong>hanc</strong></span> <span class='ocrx_word' id='word_1_90' title='bbox 1316 2074 1472 2161; x_wconf 88' lang='lat' dir='ltr'><strong>partem</strong></span> <span class='ocrx_word' id='word_1_91' title='bbox 1506 2075 1683 2162; x_wconf 87' lang='lat' dir='ltr'><strong>occupat</strong></span> <span class='ocrx_word' id='word_1_92' title='bbox 1723 2061 1768 2139; x_wconf 86' lang='lat' dir='ltr'><strong>in</strong></span> <span class='ocrx_word' id='word_1_93' title='bbox 1807 2058 1917 2138; x_wconf 87' lang='lat' dir='ltr'><strong>tinea</strong></span> <span class='ocrx_word' id='word_1_94' title='bbox 1946 2061 2094 2164; x_wconf 18' lang='lat' dir='ltr'><strong>&#39;capitis</strong></span> <span class='ocrx_word' id='word_1_95' title='bbox 2109 2115 2130 2162; x_wconf 68' lang='lat' dir='ltr'><strong>r-</strong></span> 
     </span>
     <span class='ocr_line' id='line_1_13' title="bbox 571 2178 2129 2304; baseline 0 -19"><span class='ocrx_word' id='word_1_96' title='bbox 571 2178 2129 2304; x_wconf 50' lang='lat' dir='ltr'><strong>imfflmmmmfflmmmhmfflwwmfflffimm</strong></span> 
     </span>
     <span class='ocr_line' id='line_1_14' title="bbox 570 2338 2124 2452; baseline 0 -26"><span class='ocrx_word' id='word_1_97' title='bbox 570 2342 796 2452; x_wconf 86' lang='lat' dir='ltr'><strong>producat,</strong></span> <span class='ocrx_word' id='word_1_98' title='bbox 838 2366 966 2447; x_wconf 84' lang='lat' dir='ltr'><strong>eaque</strong></span> <span class='ocrx_word' id='word_1_99' title='bbox 996 2343 1039 2422; x_wconf 87' lang='lat' dir='ltr'><strong>in</strong></span> <span class='ocrx_word' id='word_1_100' title='bbox 1074 2346 1230 2447; x_wconf 86' lang='lat' dir='ltr'><strong>plagam</strong></span> <span class='ocrx_word' id='word_1_101' title='bbox 1275 2357 1506 2422; x_wconf 88' lang='lat' dir='ltr'><strong>tumentem</strong></span> <span class='ocrx_word' id='word_1_102' title='bbox 1536 2341 1697 2423; x_wconf 82' lang='lat' dir='ltr'><strong>cellulis</strong></span> <span class='ocrx_word' id='word_1_103' title='bbox 1737 2338 2005 2428; x_wconf 87' lang='lat' dir='ltr'><strong>constructam</strong></span> <span class='ocrx_word' id='word_1_104' title='bbox 2039 2349 2124 2427; x_wconf 88' lang='lat' dir='ltr'><strong>ele-</strong></span> 
     </span>
     <span class='ocr_line' id='line_1_15' title="bbox 570 2480 2120 2592; baseline -0.003 -20"><span class='ocrx_word' id='word_1_105' title='bbox 570 2508 664 2592; x_wconf 83' lang='lat' dir='ltr'><strong>vat,</strong></span> <span class='ocrx_word' id='word_1_106' title='bbox 694 2489 765 2570; x_wconf 88' lang='lat' dir='ltr'><strong>vel</strong></span> <span class='ocrx_word' id='word_1_107' title='bbox 791 2483 1007 2590; x_wconf 88' lang='lat' dir='ltr'><strong>aliquando</strong></span> <span class='ocrx_word' id='word_1_108' title='bbox 1037 2481 1247 2567; x_wconf 84' lang='lat' dir='ltr'><strong>exostoses</strong></span> <span class='ocrx_word' id='word_1_109' title='bbox 1283 2480 1403 2564; x_wconf 82' lang='lat' dir='ltr'><strong>valde</strong></span> <span class='ocrx_word' id='word_1_110' title='bbox 1429 2483 1698 2566; x_wconf 85' lang='lat' dir='ltr'><strong>confistentes</strong></span> <span class='ocrx_word' id='word_1_111' title='bbox 1731 2500 1774 2565; x_wconf 89' lang='lat' dir='ltr'><strong>et</strong></span> <span class='ocrx_word' id='word_1_112' title='bbox 1796 2485 1949 2589; x_wconf 77' lang='lat' dir='ltr'><strong>glabras</strong></span> <span class='ocrx_word' id='word_1_113' title='bbox 1973 2483 2120 2589; x_wconf 92' lang='lat' dir='ltr'><strong>produ-</strong></span> 
     </span>
     <span class='ocr_line' id='line_1_16' title="bbox 571 2609 2124 2734; baseline -0.001 -24"><span class='ocrx_word' id='word_1_114' title='bbox 571 2609 656 2731; x_wconf 85' lang='lat' dir='ltr'><strong>cat,</strong></span> <span class='ocrx_word' id='word_1_115' title='bbox 702 2628 885 2732; x_wconf 86' lang='lat' dir='ltr'><strong>quamvis</strong></span> <span class='ocrx_word' id='word_1_116' title='bbox 928 2627 1053 2734; x_wconf 83' lang='lat' dir='ltr'><strong>ipsam</strong></span> <span class='ocrx_word' id='word_1_117' title='bbox 1088 2646 1290 2730; x_wconf 87' lang='lat' dir='ltr'><strong>nunquam</strong></span> <span class='ocrx_word' id='word_1_118' title='bbox 1325 2628 1371 2707; x_wconf 83' lang='lat' dir='ltr'><strong>in</strong></span> <span class='ocrx_word' id='word_1_119' title='bbox 1404 2621 1563 2707; x_wconf 86' lang='lat' dir='ltr'><strong>osseam</strong></span> <span class='ocrx_word' id='word_1_120' title='bbox 1592 2645 1773 2708; x_wconf 86' lang='lat' dir='ltr'><strong>naturam</strong></span> <span class='ocrx_word' id='word_1_121' title='bbox 1810 2643 2001 2711; x_wconf 85' lang='lat' dir='ltr'><strong>mutatam</strong></span> <span class='ocrx_word' id='word_1_122' title='bbox 2050 2627 2124 2709; x_wconf 90' lang='lat' dir='ltr'><strong>ob-</strong></span> 
     </span>
     <span class='ocr_line' id='line_1_17' title="bbox 570 2762 2124 2872; baseline -0.003 -20"><span class='ocrx_word' id='word_1_123' title='bbox 570 2769 836 2872; x_wconf 78' lang='lat' dir='ltr'><strong>servaverim3</strong></span> <span class='ocrx_word' id='word_1_124' title='bbox 887 2769 940 2853; x_wconf 90' lang='lat' dir='ltr'><strong>fic</strong></span> <span class='ocrx_word' id='word_1_125' title='bbox 974 2767 1071 2854; x_wconf 88' lang='lat' dir='ltr'><strong>dura</strong></span> <span class='ocrx_word' id='word_1_126' title='bbox 1092 2787 1218 2853; x_wconf 88' lang='lat' dir='ltr'><strong>mater</strong></span> <span class='ocrx_word' id='word_1_127' title='bbox 1241 2763 1343 2850; x_wconf 86' lang='lat' dir='ltr'><strong>illud</strong></span> <span class='ocrx_word' id='word_1_128' title='bbox 1370 2762 1581 2850; x_wconf 88' lang='lat' dir='ltr'><strong>seminium</strong></span> <span class='ocrx_word' id='word_1_129' title='bbox 1605 2770 1650 2851; x_wconf 86' lang='lat' dir='ltr'><strong>in</strong></span> <span class='ocrx_word' id='word_1_130' title='bbox 1677 2764 1747 2852; x_wconf 85' lang='lat' dir='ltr'><strong>sua</strong></span> <span class='ocrx_word' id='word_1_131' title='bbox 1772 2767 1976 2853; x_wconf 77' lang='lat' dir='ltr'><strong>vasculosa</strong></span> <span class='ocrx_word' id='word_1_132' title='bbox 2000 2764 2124 2850; x_wconf 87' lang='lat' dir='ltr'><strong>struc-</strong></span> 
     </span>
     <span class='ocr_line' id='line_1_18' title="bbox 564 2891 2121 3017; baseline 0.001 -23"><span class='ocrx_word' id='word_1_133' title='bbox 564 2929 653 2994; x_wconf 87' lang='lat' dir='ltr'><strong>tura</strong></span> <span class='ocrx_word' id='word_1_134' title='bbox 679 2911 831 3014; x_wconf 86' lang='lat' dir='ltr'><strong>habet,</strong></span> <span class='ocrx_word' id='word_1_135' title='bbox 870 2929 917 2995; x_wconf 95' lang='lat' dir='ltr'><strong>ut</strong></span> <span class='ocrx_word' id='word_1_136' title='bbox 933 2891 937 2894; x_wconf 50' lang='grc'><strong>’</strong></span> <span class='ocrx_word' id='word_1_137' title='bbox 952 2909 1190 3017; x_wconf 89' lang='lat' dir='ltr'><strong>frequenter</strong></span> <span class='ocrx_word' id='word_1_138' title='bbox 1229 2912 1531 2993; x_wconf 79' lang='lat' dir='ltr'><strong>excrescentiae</strong></span> <span class='ocrx_word' id='word_1_139' title='bbox 1567 2907 1760 3014; x_wconf 73' lang='lat' dir='ltr'><strong>fungosae</strong></span> <span class='ocrx_word' id='word_1_140' title='bbox 1796 2914 1918 2995; x_wconf 87' lang='lat' dir='ltr'><strong>inea</strong></span> <span class='ocrx_word' id='word_1_141' title='bbox 1956 2937 2121 2996; x_wconf 87' lang='lat' dir='ltr'><strong>nascan-</strong></span> 
     </span>
     <span class='ocr_line' id='line_1_19' title="bbox 566 3053 2123 3159; baseline 0.001 -22"><span class='ocrx_word' id='word_1_142' title='bbox 566 3075 655 3154; x_wconf 88' lang='lat' dir='ltr'><strong>tur;</strong></span> <span class='ocrx_word' id='word_1_143' title='bbox 704 3055 870 3159; x_wconf 85' lang='lat' dir='ltr'><strong>pleurae</strong></span> <span class='ocrx_word' id='word_1_144' title='bbox 911 3056 1141 3136; x_wconf 80' lang='lat' dir='ltr'><strong>membrana</strong></span> <span class='ocrx_word' id='word_1_145' title='bbox 1178 3053 1403 3137; x_wconf 86' lang='lat' dir='ltr'><strong>tenuisfima</strong></span> <span class='ocrx_word' id='word_1_146' title='bbox 1441 3071 1536 3157; x_wconf 87' lang='lat' dir='ltr'><strong>post</strong></span> <span class='ocrx_word' id='word_1_147' title='bbox 1568 3053 1926 3138; x_wconf 84' lang='lat' dir='ltr'><strong>inflammationem</strong></span> <span class='ocrx_word' id='word_1_148' title='bbox 1957 3057 2123 3139; x_wconf 81' lang='lat' dir='ltr'><strong>chroni-</strong></span> 
     </span>
     <span class='ocr_line' id='line_1_20' title="bbox 567 3194 2120 3300; baseline 0 -24"><span class='ocrx_word' id='word_1_149' title='bbox 567 3218 656 3276; x_wconf 82' lang='lat' dir='ltr'><strong>cam</strong></span> <span class='ocrx_word' id='word_1_150' title='bbox 687 3198 897 3299; x_wconf 86' lang='lat' dir='ltr'><strong>ingentem</strong></span> <span class='ocrx_word' id='word_1_151' title='bbox 925 3197 968 3274; x_wconf 90' lang='lat' dir='ltr'><strong>in</strong></span> <span class='ocrx_word' id='word_1_152' title='bbox 992 3194 1160 3278; x_wconf 93' lang='lat' dir='ltr'><strong>modum</strong></span> <span class='ocrx_word' id='word_1_153' title='bbox 1192 3195 1368 3277; x_wconf 85' lang='lat' dir='ltr'><strong>crassrtie</strong></span> <span class='ocrx_word' id='word_1_154' title='bbox 1415 3211 1611 3298; x_wconf 84' lang='lat' dir='ltr'><strong>augetur,</strong></span> <span class='ocrx_word' id='word_1_155' title='bbox 1643 3213 1685 3278; x_wconf 92' lang='lat' dir='ltr'><strong>et</strong></span> <span class='ocrx_word' id='word_1_156' title='bbox 1720 3199 1762 3278; x_wconf 92' lang='lat' dir='ltr'><strong>in</strong></span> <span class='ocrx_word' id='word_1_157' title='bbox 1788 3194 2084 3300; x_wconf 86' lang='lat' dir='ltr'><strong>hydrothorace</strong></span> <span class='ocrx_word' id='word_1_158' title='bbox 2100 3260 2120 3299; x_wconf 67' lang='lat'>,</span> 
     </span>
     <span class='ocr_line' id='line_1_21' title="bbox 564 3333 2116 3443; baseline 0.001 -24"><span class='ocrx_word' id='word_1_159' title='bbox 564 3358 649 3441; x_wconf 88' lang='lat' dir='ltr'><strong>quo</strong></span> <span class='ocrx_word' id='word_1_160' title='bbox 677 3353 785 3417; x_wconf 89' lang='lat' dir='ltr'><strong>totus</strong></span> <span class='ocrx_word' id='word_1_161' title='bbox 826 3333 945 3443; x_wconf 87' lang='lat' dir='ltr'><strong>saepe</strong></span> <span class='ocrx_word' id='word_1_162' title='bbox 980 3341 1121 3441; x_wconf 92' lang='lat' dir='ltr'><strong>pulmo</strong></span> <span class='ocrx_word' id='word_1_163' title='bbox 1153 3339 1198 3417; x_wconf 84' lang='lat' dir='ltr'><strong>in</strong></span> <span class='ocrx_word' id='word_1_164' title='bbox 1234 3338 1367 3418; x_wconf 85' lang='lat' dir='ltr'><strong>minus</strong></span> <span class='ocrx_word' id='word_1_165' title='bbox 1406 3336 1602 3418; x_wconf 90' lang='lat' dir='ltr'><strong>volumen</strong></span> <span class='ocrx_word' id='word_1_166' title='bbox 1641 3334 1893 3441; x_wconf 86' lang='lat' dir='ltr'><strong>compressus</strong></span> <span class='ocrx_word' id='word_1_167' title='bbox 1930 3355 1973 3418; x_wconf 84' lang='lat' dir='ltr'><strong>et</strong></span> <span class='ocrx_word' id='word_1_168' title='bbox 2006 3339 2116 3442; x_wconf 76' lang='lat' dir='ltr'><strong>quasa</strong></span> 
     </span>
     <span class='ocr_line' id='line_1_22' title="bbox 565 3460 2117 3585; baseline 0.003 -28"><span class='ocrx_word' id='word_1_169' title='bbox 565 3492 802 3559; x_wconf 80' lang='lat' dir='ltr'><strong>extentmtus</strong></span> <span class='ocrx_word' id='word_1_170' title='bbox 842 3478 1071 3580; x_wconf 84' lang='lat' dir='ltr'><strong>invenitur,</strong></span> <span class='ocrx_word' id='word_1_171' title='bbox 1112 3460 1229 3583; x_wconf 77' lang='lat' dir='ltr'><strong>hujus</strong></span> <span class='ocrx_word' id='word_1_172' title='bbox 1269 3481 1391 3585; x_wconf 84' lang='lat' dir='ltr'><strong>partis</strong></span> <span class='ocrx_word' id='word_1_173' title='bbox 1426 3460 1618 3561; x_wconf 77' lang='lat' dir='ltr'><strong>crassaties</strong></span> <span class='ocrx_word' id='word_1_174' title='bbox 1653 3496 1769 3558; x_wconf 83' lang='lat' dir='ltr'><strong>aucta</strong></span> <span class='ocrx_word' id='word_1_175' title='bbox 1809 3497 1849 3559; x_wconf 90' lang='lat' dir='ltr'><strong>et</strong></span> <span class='ocrx_word' id='word_1_176' title='bbox 1900 3477 2117 3562; x_wconf 71' lang='lat' dir='ltr'><strong>substantia</strong></span> 
     </span>
     <span class='ocr_line' id='line_1_23' title="bbox 562 3616 2113 3728; baseline 0.001 -26"><span class='ocrx_word' id='word_1_177' title='bbox 562 3616 744 3702; x_wconf 79' lang='lat' dir='ltr'><strong>indurata</strong></span> <span class='ocrx_word' id='word_1_178' title='bbox 772 3620 891 3704; x_wconf 87' lang='lat' dir='ltr'><strong>nobis</strong></span> <span class='ocrx_word' id='word_1_179' title='bbox 917 3623 1071 3726; x_wconf 89' lang='lat' dir='ltr'><strong>patuit,</strong></span> <span class='ocrx_word' id='word_1_180' title='bbox 1107 3639 1225 3726; x_wconf 86' lang='lat' dir='ltr'><strong>atque</strong></span> <span class='ocrx_word' id='word_1_181' title='bbox 1252 3646 1324 3728; x_wconf 91' lang='lat' dir='ltr'><strong>per</strong></span> <span class='ocrx_word' id='word_1_182' title='bbox 1347 3638 1509 3728; x_wconf 85' lang='lat' dir='ltr'><strong>partes,</strong></span> <span class='ocrx_word' id='word_1_183' title='bbox 1534 3622 1808 3727; x_wconf 78' lang='lat' dir='ltr'><strong>cartingineas</strong></span> <span class='ocrx_word' id='word_1_184' title='bbox 1840 3619 1987 3725; x_wconf 69' lang='lat' dir='ltr'><strong>finctae,</strong></span> <span class='ocrx_word' id='word_1_185' title='bbox 2012 3646 2113 3704; x_wconf 85' lang='lat' dir='ltr'><strong>cum</strong></span> 
     </span>
     <span class='ocr_line' id='line_1_24' title="bbox 561 3759 2190 3872; baseline 0.002 -28"><span class='ocrx_word' id='word_1_186' title='bbox 561 3759 653 3866; x_wconf 84' lang='lat' dir='ltr'><strong>ipsrs</strong></span> <span class='ocrx_word' id='word_1_187' title='bbox 690 3764 816 3844; x_wconf 88' lang='lat' dir='ltr'><strong>costis</strong></span> <span class='ocrx_word' id='word_1_188' title='bbox 853 3778 976 3865; x_wconf 85' lang='lat' dir='ltr'><strong>atque</strong></span> <span class='ocrx_word' id='word_1_189' title='bbox 1009 3767 1204 3848; x_wconf 83' lang='lat' dir='ltr'><strong>musculis</strong></span> <span class='ocrx_word' id='word_1_190' title='bbox 1246 3764 1572 3850; x_wconf 83' lang='lat' dir='ltr'><strong>intereosralibus</strong></span> <span class='ocrx_word' id='word_1_191' title='bbox 1611 3783 1830 3863; x_wconf 80' lang='lat' dir='ltr'><strong>concreta3</strong></span> <span class='ocrx_word' id='word_1_192' title='bbox 1873 3763 1968 3848; x_wconf 88' lang='lat' dir='ltr'><strong>dum</strong></span> <span class='ocrx_word' id='word_1_193' title='bbox 2004 3769 2109 3872; x_wconf 90' lang='lat' dir='ltr'><strong>peri·</strong></span> <span class='ocrx_word' id='word_1_194' title='bbox 2188 3805 2190 3810; x_wconf 53' lang='lat'><em>2</em></span> 
     </span>
     <span class='ocr_line' id='line_1_25' title="bbox 558 3899 2106 4015; baseline 0.003 -31"><span class='ocrx_word' id='word_1_195' title='bbox 558 3899 752 4007; x_wconf 84' lang='lat' dir='ltr'><strong>toneum&#39;‚</strong></span> <span class='ocrx_word' id='word_1_196' title='bbox 777 3902 895 3986; x_wconf 84' lang='lat' dir='ltr'><strong>srmili</strong></span> <span class='ocrx_word' id='word_1_197' title='bbox 922 3907 1068 3988; x_wconf 88' lang='lat' dir='ltr'><strong>morbo</strong></span> <span class='ocrx_word' id='word_1_198' title='bbox 1093 3907 1310 4012; x_wconf 87' lang='lat' dir='ltr'><strong>affectum,</strong></span> <span class='ocrx_word' id='word_1_199' title='bbox 1343 3911 1467 4015; x_wconf 79' lang='lat' dir='ltr'><strong>magis</strong></span> <span class='ocrx_word' id='word_1_200' title='bbox 1499 3904 1549 3986; x_wconf 84' lang='lat' dir='ltr'><strong>ad</strong></span> <span class='ocrx_word' id='word_1_201' title='bbox 1578 3902 1814 4010; x_wconf 88' lang='lat' dir='ltr'><strong>puriforrnis</strong></span> <span class='ocrx_word' id='word_1_202' title='bbox 1838 3905 2016 3988; x_wconf 75' lang='lat' dir='ltr'><strong>humoris</strong></span> <span class='ocrx_word' id='word_1_203' title='bbox 2046 3905 2106 3989; x_wconf 86' lang='lat' dir='ltr'><strong>se·</strong></span> 
     </span>
     <span class='ocr_line' id='line_1_26' title="bbox 556 4044 2106 4156; baseline 0.004 -30"><span class='ocrx_word' id='word_1_204' title='bbox 556 4049 785 4128; x_wconf 86' lang='lat' dir='ltr'><strong>cretionem</strong></span> <span class='ocrx_word' id='word_1_205' title='bbox 815 4044 1055 4151; x_wconf 86' lang='lat' dir='ltr'><strong>disposrtum</strong></span> <span class='ocrx_word' id='word_1_206' title='bbox 1080 4049 1265 4156; x_wconf 79' lang='lat' dir='ltr'><strong>videtur,</strong></span> <span class='ocrx_word' id='word_1_207' title='bbox 1298 4073 1340 4135; x_wconf 86' lang='lat' dir='ltr'><strong>et</strong></span> <span class='ocrx_word' id='word_1_208' title='bbox 1367 4055 1411 4136; x_wconf 92' lang='lat' dir='ltr'><strong>in</strong></span> <span class='ocrx_word' id='word_1_209' title='bbox 1435 4049 1624 4154; x_wconf 86' lang='lat' dir='ltr'><strong>hydrope</strong></span> <span class='ocrx_word' id='word_1_210' title='bbox 1653 4053 1774 4131; x_wconf 78' lang='lat' dir='ltr'><strong>ascite</strong></span> <span class='ocrx_word' id='word_1_211' title='bbox 1799 4072 1882 4129; x_wconf 85' lang='lat' dir='ltr'><strong>raro</strong></span> <span class='ocrx_word' id='word_1_212' title='bbox 1909 4051 1978 4130; x_wconf 87' lang='lat' dir='ltr'><strong>vel</strong></span> <span class='ocrx_word' id='word_1_213' title='bbox 2001 4073 2106 4132; x_wconf 86' lang='lat' dir='ltr'><strong>nun·</strong></span> 
     </span>
     <span class='ocr_line' id='line_1_27' title="bbox 554 4187 2106 4302; baseline -0.001 -32"><span class='ocrx_word' id='word_1_214' title='bbox 554 4211 674 4292; x_wconf 84' lang='lat' dir='ltr'><strong>quarn</strong></span> <span class='ocrx_word' id='word_1_215' title='bbox 717 4189 841 4273; x_wconf 81' lang='lat' dir='ltr'><strong>talem</strong></span> <span class='ocrx_word' id='word_1_216' title='bbox 890 4193 1104 4279; x_wconf 67' lang='lat' dir='ltr'><strong>enuntiem</strong></span> <span class='ocrx_word' id='word_1_217' title='bbox 1152 4193 1410 4302; x_wconf 80' lang='lat' dir='ltr'><strong>acquisrvisse</strong></span> <span class='ocrx_word' id='word_1_218' title='bbox 1451 4187 1710 4275; x_wconf 85' lang='lat' dir='ltr'><strong>observatum</strong></span> <span class='ocrx_word' id='word_1_219' title='bbox 1748 4207 1838 4290; x_wconf 74' lang='lat' dir='ltr'><strong>est3</strong></span> <span class='ocrx_word' id='word_1_220' title='bbox 1875 4191 2106 4273; x_wconf 77' lang='lat' dir='ltr'><strong>incisuris</strong></span> 
     </span>
     <span class='ocr_line' id='line_1_28' title="bbox 556 4325 2103 4444; baseline 0.003 -34"><span class='ocrx_word' id='word_1_221' title='bbox 556 4325 656 4414; x_wconf 84' lang='lat' dir='ltr'><strong>vero</strong></span> <span class='ocrx_word' id='word_1_222' title='bbox 687 4331 774 4440; x_wconf 84' lang='lat' dir='ltr'><strong>ejus</strong></span> <span class='ocrx_word' id='word_1_223' title='bbox 800 4335 1045 4442; x_wconf 85' lang='lat' dir='ltr'><strong>tumoribus,</strong></span> <span class='ocrx_word' id='word_1_224' title='bbox 1084 4344 1145 4424; x_wconf 89' lang='lat' dir='ltr'><strong>uti</strong></span> <span class='ocrx_word' id='word_1_225' title='bbox 1182 4345 1228 4424; x_wconf 89' lang='lat' dir='ltr'><strong>in</strong></span> <span class='ocrx_word' id='word_1_226' title='bbox 1262 4337 1451 4444; x_wconf 79' lang='lat' dir='ltr'><strong>hydrope</strong></span> <span class='ocrx_word' id='word_1_227' title='bbox 1479 4338 1792 4440; x_wconf 81' lang='lat' dir='ltr'><strong>ligamentonun</strong></span> <span class='ocrx_word' id='word_1_228' title='bbox 1825 4337 1960 4436; x_wconf 81' lang='lat' dir='ltr'><strong>uteri,</strong></span> <span class='ocrx_word' id='word_1_229' title='bbox 1993 4331 2103 4416; x_wconf 81' lang='lat' dir='ltr'><strong>suam</strong></span> 
     </span>
     <span class='ocr_line' id='line_1_29' title="bbox 552 4473 2100 4580; baseline -0.003 -24"><span class='ocrx_word' id='word_1_230' title='bbox 552 4495 726 4559; x_wconf 83' lang='lat' dir='ltr'><strong>naturam</strong></span> <span class='ocrx_word' id='word_1_231' title='bbox 766 4474 907 4563; x_wconf 82' lang='lat' dir='ltr'><strong>diversr</strong></span> <span class='ocrx_word' id='word_1_232' title='bbox 927 4475 1056 4563; x_wconf 88' lang='lat' dir='ltr'><strong>modo</strong></span> <span class='ocrx_word' id='word_1_233' title='bbox 1089 4483 1230 4568; x_wconf 89' lang='lat' dir='ltr'><strong>denuo</strong></span> <span class='ocrx_word' id='word_1_234' title='bbox 1259 4497 1450 4563; x_wconf 85' lang='lat' dir='ltr'><strong>mutatam</strong></span> <span class='ocrx_word' id='word_1_235' title='bbox 1484 4476 1685 4580; x_wconf 84' lang='lat' dir='ltr'><strong>exhibet,</strong></span> <span class='ocrx_word' id='word_1_236' title='bbox 1731 4478 1789 4558; x_wconf 87' lang='lat' dir='ltr'><strong>uti</strong></span> <span class='ocrx_word' id='word_1_237' title='bbox 1826 4473 1992 4557; x_wconf 77' lang='lat' dir='ltr'><strong>diversas</strong></span> <span class='ocrx_word' id='word_1_238' title='bbox 2025 4473 2100 4553; x_wconf 85' lang='lat' dir='ltr'><strong>oh·</strong></span> 
     </span>
     <span class='ocr_line' id='line_1_30' title="bbox 552 4614 2100 4730; baseline 0 -31"><span class='ocrx_word' id='word_1_239' title='bbox 552 4617 842 4706; x_wconf 87' lang='lat' dir='ltr'><strong>servationibus</strong></span> <span class='ocrx_word' id='word_1_240' title='bbox 877 4622 996 4705; x_wconf 88' lang='lat' dir='ltr'><strong>nobis</strong></span> <span class='ocrx_word' id='word_1_241' title='bbox 1035 4627 1192 4730; x_wconf 85' lang='lat' dir='ltr'><strong>patuit,</strong></span> <span class='ocrx_word' id='word_1_242' title='bbox 1236 4643 1341 4730; x_wconf 84' lang='lat' dir='ltr'><strong>quae</strong></span> <span class='ocrx_word' id='word_1_243' title='bbox 1380 4627 1425 4705; x_wconf 89' lang='lat' dir='ltr'><strong>iu</strong></span> <span class='ocrx_word' id='word_1_244' title='bbox 1460 4620 1730 4728; x_wconf 83' lang='lat' dir='ltr'><strong>pathologicis</strong></span> <span class='ocrx_word' id='word_1_245' title='bbox 1772 4614 2100 4702; x_wconf 82' lang='lat' dir='ltr'><strong>memorabuntur</strong></span> 
     </span>
     <span class='ocr_line' id='line_1_31' title="bbox 551 4765 1216 4872; baseline 0.006 -28"><span class='ocrx_word' id='word_1_246' title='bbox 551 4781 593 4845; x_wconf 88' lang='lat' dir='ltr'><strong>et</strong></span> <span class='ocrx_word' id='word_1_247' title='bbox 622 4765 814 4872; x_wconf 79' lang='lat' dir='ltr'><strong>exemplis</strong></span> <span class='ocrx_word' id='word_1_248' title='bbox 839 4767 1163 4852; x_wconf 74' lang='lat' dir='ltr'><strong>illustrabuntur.</strong></span> <span class='ocrx_word' id='word_1_249' title='bbox 1209 4841 1216 4848; x_wconf 89' lang='lat'>.</span> 
     </span>
    </p>
   </div>
   <div class='ocr_carea' id='block_1_3' title="bbox 0 0 2394 6330">
    <p class='ocr_par' dir='ltr' id='par_1_3' title="bbox 0 0 2394 6330">
     <span class='ocr_line' id='line_1_32' title="bbox 0 0 2394 6330; baseline 0 13"><span class='ocrx_word' id='word_1_250' title='bbox 0 0 2394 6330; x_wconf 95' lang='lat' dir='ltr'><strong> </strong></span> 
     </span>
    </p>
   </div>
  </div>
 </body>
</html>
