4764 6328
598 485 1479 578 FascrcuousPurnrus.

718 991 1402 1080 roumalt·

399 1391 745 1484 Pourlo
787 1383 1266 1480 PULMONIS
1309 1379 1675 1472 ADULTI.

325 1803 479 1950 Haec
499 1859 632 1954 tabula
656 1853 844 1938 monstrat
858 1831 1107 1960 segmentum
1133 1856 1334 1958 pulmonis
1356 1853 1532 1934 hominis
1551 1849 1688 1934 adulti.
1719 1854 1802 1934 Ab·

272 1998 386 2084 scissa
410 2002 510 2080 haec
539 2021 628 2104 pars
655 2021 675 2077 a
697 1999 890 2102 pulmone
915 2015 1001 2096 est,
1031 2012 1243 2101 postquam
1269 1993 1354 2098 ejus
1380 1993 1471 2077 vasa
1491 1991 1709 2099 sanguifera
1730 2017 1803 2100 per

272 2142 536 2246 injectionem
564 2141 752 2220 materiae
782 2137 922 2232 rubrae
950 2127 1225 2218 so'btilissrmae
1258 2139 1313 2217 ita
1339 2139 1501 2240 penitus
1528 2153 1640 2216 erant
1664 2139 1804 2238 imple·

272 2298 361 2380 tae,
391 2297 436 2360 ut
462 2295 572 2362 totus
597 2281 737 2383 pulmo
765 2275 859 2358 inde
893 2275 1087 2358 rubedine
1117 2295 1222 2380 grata
1249 2275 1448 2380 fulgeret,
1480 2281 1662 2378 quamvis
1697 2280 1806 2356 nulla

273 2418 414 2502 effusro
440 2443 515 2525 per
535 2417 700 2522 aliquod
724 2420 932 2500 vasculum
957 2437 1117 2523 ruptum
1141 2419 1324 2522 potuerit
1351 2415 1578 2518 observari;
1607 2415 1715 2498 unde
1736 2441 1804 2522 pa-

273 2575 354 2660 tet,
384 2557 434 2639 ad
466 2559 701 2641 exilissrmos
736 2561 1006 2641 arteriolarum
1033 2577 1076 2640 et
1103 2561 1338 2642 venularum
1378 2560 1667 2662 pulmonalium
1702 2557 1803 2641 fines

273 2695 509 2802 perductam
537 2696 626 2780 esse
652 2703 858 2783 materiem
886 2699 1090 2804 injectam.
1142 2694 1326 2780 Immisso
1354 2695 1501 2778 deinde
1526 2721 1599 2802 per
1627 2723 1805 2804 asperam

273 2840 450 2918 arteriam
484 2835 705 2944 prudenter
732 2857 775 2921 et
810 2843 921 2922 lente
950 2839 1165 2924 admodum
1192 2845 1307 2942 adra,
1350 2843 1479 2923 omnis
1508 2836 1714 2923 substantia
1740 2865 1806 2921 va

274 2976 408 3059 sorum
440 2995 482 3058 et
522 2981 755 3064 cellularum
789 2978 1043 3064 aeriferarum
1077 3000 1138 3064 est
1164 2977 1361 3086 expansa;
1403 2977 1551 3062 deiude
1586 2979 1806 3084 prudenter

274 3117 420 3199 srccum
445 3115 592 3200 factum
621 3138 683 3203 est
708 3121 787 3204 hoc
816 3118 1048 3226 specimen,
1077 3126 1191 3204 etin
1222 3125 1400 3226 liquore,
1431 3127 1500 3226 qui
1528 3139 1661 3228 partes
1682 3146 1806 3204 mem-

274 3259 487 3340 branaceas
522 3263 778 3366 pellucentes
813 3259 935 3365 facit,
979 3261 1213 3348 immissum.
1280 3266 1341 3347 Ita
1378 3289 1485 3346 nunc
1512 3280 1624 3369 patet
1649 3265 1807 3343 intcrna

274 3403 477 3503 pulmonis
508 3399 757 3483 subtilissrma
786 3399 999 3502 staterum,
1029 3407 1086 3486 ita
1113 3423 1181 3504 ut,
1209 3408 1332 3487 lentis
1362 3427 1444 3510 ope
1479 3404 1622 3510 adjutis
1654 3408 1805 3505 oculis,

275 3559 435 3644 praeter
463 3539 634 3646 majores
662 3546 880 3624 nonnullos
908 3541 1090 3626 vasorum
1129 3542 1395 3628 adriserorum
1431 3542 1622 3626 abscissos
1654 3567 1809 3644 mmos,

275 3682 476 3762 cellularis
506 3697 717 3784 apparatus
745 3681 1005 3765 vesrcrrlarum
1032 3702 1196 3790 pateat,
1226 3702 1270 3766 et
1296 3683 1536 3766 subtilissimi
1564 3687 1699 3766 ramuli
1724 3709 1810 3764 vas-

278 3823 464 3904 culorum
480 3817 794 3924 sanguiferorum
821 3843 1055 3928 appareant,
1083 3821 1279 3936 facientes
1306 3826 1474 3908 reticula
1494 3826 1661 3906 minima
1679 3825 1812 3910 limul-

278 3981 358 4063 que
392 3955 616 4042 densrslima
638 3962 683 4043 in
715 3964 797 4044 tela
822 3961 1043 4068 cellariola,
1086 3987 1187 4068 quae
1223 3969 1386 4047 vascula
1415 3983 1459 4048 et
1484 3967 1645 4050 cellulas
1678 3969 1811 4050 aereas

256 4102 404 4206 cingit
440 4116 481 4180 et
504 4103 612 4184 inter
637 4099 679 4182 se
703 4100 849 4212 jungit.
892 4101 1020 4187 Nulla
1055 4122 1188 4187 autem
1213 4103 1355 4187 effusro
1390 4109 1578 4188 materiae
1609 4108 1748 4189 rubrae
1772 4109 1815 4190 in

277 4239 348 4324 ltas
376 4239 540 4322 cellulas
570 4235 676 4321 facta
706 4260 793 4346 est,
823 4242 933 4328 unde
970 4265 1108 4354 patet,
1138 4248 1182 4326 in
1204 4248 1431 4354 proximum
1462 4244 1625 4348 quidem
1651 4264 1820 4328 contac-

277 4395 363 4462 tum
397 4382 542 4464 venire
571 4384 732 4464 vascula
761 4381 984 4492 sanguifera
1014 4411 1107 4471 eum
1137 4391 1310 4470 vasculis
1338 4383 1547 4487 aduleris,
1586 4390 1711 4470 nullas
1742 4413 1818 4470 ve·

268 4542 324 4599 -ro
352 4537 553 4624 aperturas
570 4518 732 4626 adesse,
761 4547 834 4631 per
851 4549 948 4632 quas
978 4531 1043 4610 via
1071 4526 1221 4610 directa
1248 4529 1365 4613 exiis
1391 4525 1438 4608 ad
1464 4527 1532 4610 has
1554 4523 1811 4614 demonstrari

279 4659 432 4764 possrt3
488 4666 670 4767 quamvis
720 4666 912 4751 exhalent·
942 4672 1065 4753 etiam
1102 4669 1369 4774 probabiliter
1418 4667 1545 4770 haec,
1602 4691 1730 4774 aeque
1766 4695 1813 4752 ac

278 4794 381 4884 lines
424 4807 652 4890 arteriarum
695 4807 1013 4914 bronchialium,
1066 4813 1140 4916 qui
1184 4815 1228 4894 in
1260 4809 1487 4897 membrana
1527 4809 1717 4920 mucosa,
1763 4835 1817 4899 ex
