4728 6338
603 475 657 562 Μ
845 445 1160 557 loono!
1225 456 1900 545 Anatooncnnou

1006 967 1054 1050 ·Τ
1111 968 1150 1049 A
1192 963 1242 1050 ³13
1296 961 1341 1046 U
1396 961 1436 1048 L
1490 960 1530 1042 A
1611 957 1743 1046 XXss.

608 1433 616 1444 ’
707 1394 1066 1487 convento
1099 1383 1462 1482 tomento!
1504 1385 1655 1472 (Ml
1684 1379 2037 1472 nlmmtt

627 1565 631 1580 ·
1213 1529 1533 1622 welanti.

540 1941 541 1944 Ὺ
611 1983 618 1994 ·
653 1909 925 2060 'portionem
963 1965 1158 2070 proponit
1185 1963 1285 2044 haec
1315 1965 1413 2044 icon
1435 1962 1623 2046 intestini
1657 1959 1761 2065 coli,
1803 1963 1860 2046 ita
1888 1966 2144 2068 praenotati,

603 2127 650 2192 ut
682 2111 822 2190 tunica
849 2109 1027 2206 extima,
1057 2107 1289 2187 muscuiatis
1316 2120 1359 2184 ct
1387 2099 1806 2205 vasculoso-nervea,
1836 2099 1997 2184 seorsim
2029 2106 2073 2184 in
2093 2126 2145 2182 en

601 2246 784 2352 conspici
818 2246 986 2352 posstnt.
1047 2241 1282 2328 Nectuntur
1313 2245 1501 2326 nimirum
1526 2246 1717 2326 intestina
1737 2241 1883 2346 crasso,
1916 2247 1978 2326 uti
2004 2247 2143 2326 tenuia

604 2413 699 2472 cum
728 2388 904 2494 partibus
922 2384 1195 2492 adjacentibus
1222 2391 1454 2470 interventu
1484 2388 1733 2491 peritonoei‚
1758 2382 1869 2488 quod
1898 2391 2018 2470 etiam
2043 2386 2145 2467 hoec

605 2531 764 2630 omnia,
799 2546 955 2634 praeter
971 2545 1134 2634 partem·
1150 2531 1235 2610 coli
1258 2529 1405 2612 sinistri
1438 2545 1480 2610 et
1502 2529 1716 2610 maximnm
1746 2530 1978 2635 portionem
2012 2530 2143 2630 necti,

607 2666 935 2776 comprehendit.

488 2915 491 2922 ¹
659 2809 835 2892 Primum
868 2807 1021 2894 scilicet
1052 2814 1352 2916 peritonaeon,
1378 2811 1557 2896 tvcstca
1584 2811 1753 2895 urinaria
1779 2807 1975 2896 recedens
1994 2828 2147 2895 antror-

604 2950 721 3055 som,
751 2955 794 3038 in
818 2953 940 3035 latera
973 2949 1206 3034 extenditur
1228 2950 1340 3056 supra
1374 2970 1552 3055 rectum,
1578 2949 1726 3034 deinde
1756 2951 2073 3060 productionem
2098 2953 2145 3036 st·

605 3093 747 3178 miiem
788 3089 1027 3176 mesenterio
1067 3093 1241 3195 emittit,
1291 3115 1393 3197 quae
1435 3111 1604 3177 vocatur
1650 3091 1884 3177 mesocolon
1927 3111 1971 3176 et
2011 3111 2143 3179 totum

605 3248 777 3316 nactum
812 3229 1031 3315 crassorum
1044 3229 1255 3336 sequitur,
1285 3237 1385 3337 quin
1404 3251 1447 3316 et
1469 3232 1701 3341 processum
1720 3238 2029 3321 vermiculorem
2051 3257 2144 3318 coe·

607 3376 840 3472 conectit,
871 3387 915 3454 et
943 3356 1125 3479 praebet
1141 3376 1370 3476 intestinis,
1407 3377 1552 3480 quibus
1579 3375 1787 3480 adhaeret,
1829 3381 2003 3462 tunicam
2043 3381 2143 3478 exti-

607 3521 741 3616 mam
767 3509 1066 3617 sed-praeterea
1093 3516 1137 3596 in
1164 3515 1368 3597 nonnuliis
1403 3515 1634 3600 hominibus
1663 3541 1757 3602 com
1778 3519 1851 3602 hoc
1872 3497 2017 3602 abitio
2043 3519 2146 3603 mul·

605 3672 665 3738 tas
694 3675 837 3760 parvas
869 3650 1072 3757 bursulas,
1112 3675 1213 3758 quae
1251 3652 1410 3760 adipem
1447 3663 1684 3762 continent,
1729 3678 1771 3742 et
1804 3666 1864 3745 uti
1888 3659 2043 3746 Tabula
2070 3687 2143 3747 xx.

606 3795 859 3896 notavimus,
887 3793 959 3876 fibi
980 3809 1156 3876 accretas
1175 3794 1299 3878 habet
1321 3793 1462 3882 fascias
1475 3797 1638 3883 fibrosas
1653 3799 1745 3883 satis
1767 3799 1913 3884 validas
1926 3863 1940 3904 ,
1953 3825 2058 3907 quac
2085 3806 2143 3910 ip·

604 3932 648 4018 so
673 3935 867 4016 intestino
893 3932 982 4017 sunt
999 3939 1128 4019 multo
1141 3934 1372 4042 breviores,
1396 3937 1573 4046 ideoque
1600 3944 1808 4049 ligamenta
1826 3944 1908 4028 coli
1932 3964 2142 4028 vocantur.

666 4076 860 4159 Ceterum
886 4075 987 4158 haec
1019 4079 1154 4160 tunica
1185 4082 1328 4166 tenuis·
1343 4095 1410 4166 eet
1431 4101 1477 4168 et
1499 4085 1736 4190 pellucens,
1764 4085 1820 4166 ita
1837 4100 1883 4166 ut
1901 4079 2017 4166 fibras
2040 4107 2146 4168 mus·

610 4217 763 4297 culares
799 4209 870 4292 sub
908 4209 949 4292 se
980 4212 1160 4320 iacentes
1194 4241 1279 4302 non
1303 4227 1464 4328 penitus
1494 4227 1621 4308 oculo
1656 4222 1874 4328 recondat,
1915 4228 1978 4308 uti
2003 4229 2047 4308 in
2080 4223 2143 4308 su·

544 4441 546 4452 ,
611 4354 774 4462 periore
809 4367 921 4456 parte
947 4351 1066 4459 hujus
1093 4356 1247 4464 objecti
1279 4379 1411 4469 patet,
1453 4369 1497 4452 in
1525 4389 1603 4471 qua
1626 4368 1860 4451 intestinum
1886 4381 2049 4447 eatenus
2079 4367 2142 4448 in·

610 4509 767 4597 tegtum
795 4493 981 4577 relictum
1013 4511 1103 4599 ent,
1133 4515 1180 4582 ut
1205 4508 1351 4590 extima
1376 4512 1512 4593 tunica
1534 4530 1619 4592 non
1647 4509 1777 4590 omnis
1794 4505 1971 4613 separato
1994 4507 2069 4612 fit,
2098 4512 2144 4594 in

609 4653 689 4740 quo
708 4651 793 4716 non
810 4629 911 4718 adeo
934 4637 1060 4720 multa
1077 4644 1267 4752 vascula,
1296 4667 1416 4754 quam
1440 4649 1485 4733 in
1504 4648 1720 4754 tenuibus,
1744 4646 1811 4730 hic
1836 4663 2047 4754 apparent.
