4764 6328
472 505 1515 596 Fasc·1cueos·Sscuuous.T
1720 525 1785 624 :45

238 707 479 822 eminentia
507 736 598 817 lobi·
618 732 778 838 majoris
812 725 1002 832 inferior,
1044 751 1146 835 quae
1177 756 1269 817 cum
1296 733 1411 840 parte
1435 734 1520 840 ejus
1545 735 1698 842 majore
1721 735 1787 820 so-

236 901 371 964 team*
398 869 569 976 format,¹
597 879 640 958 in
673 896 752 979 qua
774 872 889 978 jacet,
908 869 1093 954 vascula.
1110 869 1263 974 fellea,
1296 877 1407 957 etin
1433 873 1550 982 cujus
1574 874 1785 983 ¹superiore

234 1037 359 1124 parte
395 1013 594 1123 ingressus
630 1035 770 1106 venae,
791 1030 992 1120 portarum
1016 1009 1065 1094 in'
1082 1014 1204 1121 hepar
1237 1014 1507 1123 conspicitur3
1535 1021 1641 1101 inter
1679 1019 1782 1102 hanc

239 1161 509 1245 eminentiam
541 1175 583 1239 et
617 1155 701 1238 lobi
730 1156 896 1239 minoris
933 1157 1131 1238 internam
1165 1152 1417 1261 superficiem
1444 1177 1607 1264 quoque
1638 1157 1786 1268 dapem·
1884 1175 1890 1186 ’

247 1297 344 1380 dens
371 1321 478 1380 vena
508 1296 747 1381 umbilicalis
776 1290 1043 1376 adhuc'adest
1069 1277 1247 1380 abscissa.

301 1441 448 1523 Vesica
476 1435 598 1521 fellea
625 1442 668 1520 in
695 1434 803 1518 sulco
836 1437 968 1540 magni
997 1437 1079 1516 lobi
1104 1453 1294 1518 contenta
1310 1437 1441 1543 jacet,
1469 1445 1689 1546 atquebasr
1718 1445 1782 1528 sua

245 1583 449 1688 prominet
479 1595 593 1659 extra
622 1577 790 1658 limbum
817 1572 1078 1680 inferiorem,
1108 1581 1223 1682 apice
1252 1577 1453 1684 superiora
1479 1583 1616 1668 versus
1651 1585 1784 1670 tendie'

246 1724 292 1804 ad
314 1740 491 1829 portam,
521 1721 590 1802 ubi
614 1717 699 1824 ejus
727 1716 869 1800 ductus
900 1717 1158 1824 coniungitur
1186 1741 1281 1802 cum
1307 1721 1498 1829 hepatico
1533 1739 1652 1828 atque
1683 1727 1781 1806 elaea

245 1859 433 1948 ledocho.
507 1863 632 1946 Color
666 1860 784 1966 hujus
824 1859 977 1963 hepatis
1009 1864 1130 1967 longe
1162 1859 1299 1946 differt
1336 1865 1385 1945 ab
1427 1867 1780 1970 eo,.quems1nc

243 2002 470 2112 praegressa
493 2005 795 2110 praeparatione
820 1999 967 2103 habet,
1011 2006 1079 2105 qui
1107 1998 1274 2084 obscure
1303 2006 1418 2085 ruber
1434 2024 1535 2108 sest,
1565 2029 1683 2110 quam
1715 2031 1780 2089 ru-

244 2145 433 2228 bedinem
455 2148 573 2227 altam
598 2145 813 2249 praecipue
848 2143 994 2248 accipit
1019 2167 1040 2224 a
1071 2141 1286 2250 sanguine,
1315 2150 1384 2250 qui
1414 2149 1457 2226 in
1491 2169 1619 2229 venae
1648 2169 1780 2252 porta·⁴

245 2311 332 2372 sum
359 2283 727 2386 distributionibus,
756 2306 879 2366 omne
904 2281 1029 2378 ferme
1056 2285 1328 2390 parenchyma
1365 2284 1489 2390 hujus.
1516 2289 1682 2369 visceris
1723 2311 1781 2368 rc-

245 2428 474 2536 plentibus,
498 2427 697 2508 contineri
718 2421 844 2522 solct;
872 2424 976 2505 hanc
996 2423 1129 2506 autern
1147 2446 1293 2507 venam
1310 2445 1381 2530 pet
1393 2425 1638 2530 injectiones
1658 2451 1781 2541 aquae

249 2571 434 2675 repetitas
466 2588 518 2647 eo
554 2587 680 2669 usque
707 2567 753 2646 ab
775 2570 888 2649 omni
914 2563 1101 2670 langrrine
1134 2568 1324 2670 purgavi,
1354 2584 1400 2649 ut
1424 2570 1561 2650 viscus
1586 2566 1782 2673 pallidum

246 2705 489 2818 superesset,
522 2723 565 2787 et
592 2711 757 2789 arteriae
791 2709 998 2812 hepatieae
1029 2709 1097 2788 ille
1123 2727 1252 2791 ramus
1277 2709 1452 2790 colorata
1476 2710 1591 2791 rubra
1616 2715 1782 2792 materia

247 2852 428 2957 impletus
458 2865 665 2953 appareat,
700 2851 768 2950 qui
796 2850 1008 2952 praecipue
1031 2869 1105 2952 per
1125 2865 1330 2930 externam
1360 2850 1625 2942 membranam
1650 2849 1781 2933 distri-

244 2995 377 3076 buitur
412 3007 453 3072 et
487 3011 636 3073 ramum
670 2997 833 3091 quoque
865 2985 930 3070 dat
958 3009 1030 3092 per
1067 2971 1265 3090 cystirlenr
1296 2989 1457 3075 feneam
1487 2988 1780 3074 decurrentem·

246 3137 359 3216 Alter
391 3155 518 3216 ramus
545 3133 708 3214 arteriae
736 3130 975 3235 hepaticae‚
1004 3135 1129 3236 magi-s
1157 3134 1346 3214 interiora
1372 3130 1507 3228 versus
1539 3128 1751 3214 decurrens
1764 3163 1789 3232 ,z
1897 3183 1901 3191 ι

245 3278 450 3358 materiem
481 3271 673 3377 injectam
706 3293 792 3353 non
819 3289 1047 3378 acceperat..

300 3415 438 3499 Tertia
462 3419 559 3512 icon
590 3419 716 3520 picta
734 3410 877 3494 estad
911 3409 1033 3495 fidem
1066 3431 1229 3496 naturae
1254 3421 1452 3520 portionis
1478 3415 1777 3502 internaesub-

246 3555 405 3640 stantiae
427 3557 606 3660 hepatis,
637 3574 711 3660 per
733 3551 1100 3640 artificiosam-rami
1118 3580 1249 3640 venae
1270 3575 1474 3663 portarum
1499 3562 1777 3664 impletionem

247 3719 289 3782 ct
315 3701 448 3782 levem
475 3701 784 3780 macerationem
807 3701 850 3779 in
867 3716 963 3799 aqua
988 3699 1041 3779 ita
1065 3713 1338 3802 praeparatae,
1370 3715 1419 3798 ut,
1441 3701 1572 3782 ultimi
1594 3696 1777 3780 vasorum

245 3836 556 3946 sanguiferorum
588 3835 691 3920 fines
726 3854 846 3943 atque
885 3837 1065 3922 transrtus
1097 3839 1140 3918 in
1173 3836 1359 3921 ductulos
1399 3843 1551 3944 primos
1590 3835 1776 3920 biliferos

245 3981 423 4088 conspici
467 3981 631 4086 possint,
709 3973 822 4062 Patet
858 3984 902 4062 in
938 3979 1018 4060 hoc
1055 3976 1302 4084 specimine,
1344 3976 1455 4082 quod
1480 3975 1556 4060 N'.
1589 3999 1681 4079 405.
1712 3976 1774 4056 de·

236 4115 464 4226 scriptionis
492 4123 625 4200 nostri
647 4113 778 4224 Musei
808 4135 1052 4207 memoratur
1067 4183 1083 4224 ,2
1106 4127 1312 4206 internam
1338 4115 1587 4206 substantiam
1619 4119 1774 4224 hepatis

245 4259 423 4344 constare
455 4285 531 4367 pro
553 4279 664 4368 parte
693 4267 864 4346 maxima
888 4265 1071 4348 vasculis·
1097 4279 1139 4344 et
1177 4259 1371 4368 granulis,
1401 4279 1503 4362 quae
1538 4259 1777 4342 intermedia

245 4405 395 4484 laxiore
432 4405 512 4483 tela
538 4401 810 4488 cellulosaex
837 4404 983 4487 lobulis
1005 4407 1181 4488 minimis
1199 4390 1667 4508 'componuntur,.quos
1692 4425 1776 4508 gra·

247 4546 360 4626 aulos
384 4543 500 4628 Mal
514 4570 543 4651 p
558 4545 750 4648 ighius
769 4543 976 4630 folliculos
1000 4537 1251 4654 glandulosae
1278 4540 1379 4624 dixit
1406 4557 1447 4622 et
1473 4562 1593 4623 cavos
1617 4543 1770 4642 habuit,

244 4705 345 4785 quos
374 4700 507 4766 tamen
540 4693 757 4772 accuratius
790 4709 959 4771 examen
995 4687 1156 4792 docuit,
1191 4705 1311 4766 cavos
1331 4705 1415 4764 non
1438 4675 1553 4783 esse,
1592 4679 1662 4764 sed
1689 4687 1780 4788 glo·⁴

246 4825 404 4913 merulis
429 4829 682 4916 vasculorum
706 4833 964 4922 minimorum
997 4829 1185 4936 conponi
1201 4887 1233 4942 „
1258 4843 1298 4910 et
1334 4820 1503 4931 quidem
1531 4826 1625 4926 ita,
1651 4839 1706 4902 ue
1730 4825 1777 4904 in·
