4764 6328
522 429 1529 556 succrescussscuunus
1760 461 1810 546 μ

273 641 486 739 volumine
514 672 559 736 et
595 640 765 764 ingenti,
792 653 961 737 rurm'ero
1000 654 1244 740 valeniacum
1276 653 1513 760 instructus,
1549 654 1690 744 tendat
1721 681 1811 744 eam

270 797 452 884 intestini
482 785 637 903 prrtem
670 794 833 899 versus,
877 815 1007 900 quae,
1049 793 1079 876 sr
1125 817 1210 879 non
1244 795 1455 884 discissum
1491 818 1534 881 et
1566 803 1808 908 explicatum

267 957 355 1043 est,
384 939 575 1022 cohaeret
594 961 688 1020 cum
712 931 976 1040 mel'enterio,
1006 953 1056 1018 ut
1073 935 1236 1024 haustos
1261 943 1438 1044 liquores
1460 941 1511 1026 ad
1534 941 1621 1048 ejus
1643 941 1804 1054 glandu-

265 1085 320 1165 las
348 1101 390 1164 et
419 1105 498 1188 per
517 1103 584 1162 eas
606 1077 657 1160 ari
678 1071 895 1164 cisternam
919 1079 1137 1169 lumbtreu
1166 1075 1332 1166 deserm
1364 1101 1367 1110 ’

319 1219 496 1306 Inferior
548 1219 668 1326 hujus
710 1219 865 1324 obiecti
913 1242 1008 1324 pars
1053 1221 1240 1306 monstrat
1281 1221 1509 1329 prntessus
1537 1228 1632 1312 illos
1680 1226 1799 1342 insig-

262 1389 363 1469 nes,
404 1368 473 1470 qui
498 1387 520 1446 a
543 1361 693 1446 duabus
723 1365 813 1446 aliis
842 1363 1103 1466 membranis,
1134 1364 1282 1468 quibus
1314 1366 1567 1454 intestinum-
1590 1370 1801 1474 componi-

262 1525 350 1610 tur,
393 1499 614 1590 formantur
649 1525 691 1586 et
719 1499 948 1588 transuerso
982 1502 1108 1596 ductu
1139 1506 1213 1590 sihi
1248 1507 1434 1600 inritam
1460 1508 1644 1616 ‘impositi
1680 1508 1799 1613 sunt,

258 1665 379 1754 atque
400 1653 445 1736 in
469 1649 549 1734 hoc
573 1646 822 1756 specimine,
845 1648 1012 1754 reprimi
1037 1664 1082 1729 et
1103 1648 1293 1753 paralleli
1319 1645 1544 1736 directione
1566 1650 1659 1756 sui,
1692 1653 1797 1732 inte-

258 1813 367 1896 gmm
397 1795 614 1875 circuitum
640 1791 822 1874 intestini
849 1808 1044 1894 sculpant
1071 1791 1113 1873 hi
1154 1787 1387 1910 processum¹
1409 1794 1619 1896 sutelae,
1644 1793 1799 1878 alser—

254 1933 469 2040 kringio
490 1936 759 2035 ,nominatam
801 1935 858 2016 its
890 1929 1105 2038 dispositae
1145 1931 1258 2038 sunt,
1298 1951 1345 2020 ur
1383 1931 1585 2040 insigniter
1619 1954 1792 2040 supeant

255 2071 508 2181 superficiem
551 2078 748 2159 intertum
795 2075 981 2160 intestini
1013 2083 1137 2178 atque
1175 2097 1326 2162 moram
1362 2071 1510 2166 saciaru
1545 2077 1699 2181 thymo.
1738 2101 1796 2165 eu
1870 2171 1874 2180 ,

253 2221 482 2302 ventriculo
506 2220 547 2300 in
567 2216 667 2300 illud
688 2214 847 2320 effuso,
867 2229 948 2321 quo
966 2217 1111 2300 melius
1132 2215 1261 2302 affusis
1289 2217 1511 2321 liquoribus
1530 2219 1662 2322 aptis,
1684 2239 1795 2324 prat·

254 2374 317 2440 ter
355 2356 485 2464 ipsum
526 2359 775 2461 emericum,
820 2359 1076 2462 pancrantico
1109 2378 1152 2441 et
1187 2357 1359 2457 bilioso,
1399 2355 1527 2464 subigi
1557 2358 1707 2466 possit,
1750 2377 1791 2444 et

249 2504 470 2608 praecipue
499 2505 651 2610 ingenti
688 2522 857 2582 numero
895 2501 1169 2602 vasculorum,
1197 2502 1241 2582 in
1266 2488 1407 2584 villosa
1429 2501 1570 2584 intima
1600 2497 1786 2608 praesen·

248 2645 373 2742 tium,
406 2641 601 2748 adquam
633 2633 870 2722 deferuntur
898 2639 1135 2724 ex'ilissimae
1171 2627 1390 2728 divisiones
1421 2643 1688 2746 emulorum,
1709 2637 1787 2749 qui

245 2805 299 2865 ex
336 2784 486 2866 arteriis
520 2805 593 2887 per
628 2779 860 2864 cellulosam
900 2767 1204 2884 subjacentem,
1232 2780 1316 2863 srve
1349 2777 1788 2866 ueruto-vasculosam

243 2921 469 3006 distributis
505 2926 760 3023 emittuntur,
779 2921 944 3022 simili,
995 2919 1027 3004 fi
1063 2943 1149 3003 non
1189 2920 1358 3028 majori,
1418 2921 1637 3006 subtilitate
1681 2922 1785 3006 divi-

238 3063 295 3166 sr,
327 3081 445 3168 atque
473 3066 532 3146 illi
566 3065 728 3165 ramuli,
767 3083 863 3164 quas
895 3084 949 3182 en
987 3060 1137 3144 eodem
1158 3056 1276 3143 sonte
1311 3060 1360 3143 ad
1392 3067 1549 3146 tunicas
1584 3066 1781 3146 muscula·

243 3224 329 3286 rem
358 3221 400 3285 et
424 3207 613 3287 extimam
656 3200 825 3285 tendere
864 3198 990 3285 modo
1020 3193 1220 3303 uidimus3
1249 3207 1334 3287 imo
1366 3225 1469 3286 vero
1495 3205 1618 3311 longe
1642 3203 1782 3311 majori

242 3348 364 3453 copia
392 3345 582 3428 humores
615 3342 840 3427 subtiliores
870 3342 921 3426 ad
952 3341 1030 3430 hos
1056 3347 1178 3428 villos
1203 3343 1319 3446 duci,
1349 3367 1468 3450 quam
1491 3343 1543 3427 ad
1565 3349 1780 3452 extimam,

245 3485 367 3568 docet
402 3510 542 3569 eorrrm
572 3482 714 3570 villosa
752 3477 926 3589 fabrica,
962 3483 1202 3570 er'rrllissrmis
1236 3489 1407 3569 vasculis
1440 3485 1671 3591 conspicuis
1696 3491 1782 3595 ple·

242 3626 426 3730 nissrma;
455 3627 578 3742 docet
605 3629 685 3709 hoc
719 3645 925 3732 praeterea
958 3631 1310 3735 experimentum,
1340 3648 1421 3728 quo
1457 3649 1577 3730 aqua,
1607 3631 1653 3710 in
1675 3644 1777 3710 arte·

239 3775 339 3854 riam
367 3769 636 3853 intestinalem
663 3765 856 3869 immissa,
887 3771 1010 3875 longe
1041 3769 1180 3875 majori
1217 3768 1423 3851 celeritate
1462 3786 1503 3852 et
1531 3771 1651 3874 copia
1679 3767 1775 3852 fluat

235 3911 287 3993 ad
311 3914 505 3996 internam
539 3914 725 3995 intestini
764 3915 1000 4015 cavitatem,
1029 3927 1155 4016 quam·
1175 3907 1226 3992 ad
1261 3924 1464 3992 externam
1494 3905 1772 4016 superficiem,

237 4075 357 4154 quam
386 4070 521 4134 tamen
547 4051 710 4136 tandem
750 4056 888 4157 etiam,
918 4056 1073 4161 repleta
1106 4056 1215 4159 prius
1245 4048 1336 4133 satis
1366 4053 1551 4153 interna,
1579 4057 1699 4160 petit.

290 4190 394 4274 Villi
432 4211 568 4278 autem
595 4195 661 4316 hi,
703 4197 763 4276 uti
799 4169 963 4279 medice
998 4211 1148 4278 armato
1173 4195 1285 4275 lente
1308 4192 1429 4274 oculo
1460 4187 1581 4276 facile
1613 4189 1768 4300 detegi·

234 4347 317 4431 tur,
340 4337 383 4416 in
404 4331 597 4418 intestino
622 4332 815 4420 duodeno
842 4335 1023 4418 obtusam
1048 4339 1230 4419 tonicam
1250 4331 1608 4441 figuramhabent‚
1640 4353 1772 4444 etop-

234 4475 316 4554 tica
345 4491 427 4556 arte
462 4474 696 4584 diligentius
730 4479 964 4580 examinati,
991 4475 1270 4561 incredibilem
1293 4474 1451 4579 copiam
1488 4491 1531 4555 et
1570 4472 1765 4559 subtilita-

232 4629 316 4696 tem
370 4617 625 4700 vasculorum
671 4613 922 4721 monstrant;
978 4620 1039 4702 uti
1087 4619 1163 4702 alla
1215 4613 1426 4698 occasrone
1473 4610 1762 4699 demonstravi·
