4764 6328
565 463 595 540 4
818 424 1869 518 ῙοοιιυκΑκΑτοιιοΔιυκ

567 681 688 760 quam
727 657 853 760 igitur
883 647 1027 734 endem
1061 667 1124 732 est
1147 647 1289 730 hantm
1318 649 1559 731 cellularum
1589 671 1712 754 atque
1745 652 2026 738 bronchiarum
2054 653 2113 740 fs·

565 799 700 897 brica,
750 793 943 880 diffenmt
976 813 1118 875 tamen
1148 791 1323 870 multum
1362 792 1592 872 tunicnum
1626 791 1872 892 subtilitate,
1913 819 1958 878 et
1993 804 2114 880 cellu-

566 941 631 1020 lae
658 937 712 1022 stc
739 934 883 1020 seusun
918 931 1020 1016 smnt
1056 933 1226 1013 minoris
1263 927 1469 1032 diametri,
1510 956 1630 1034 quarn
1666 935 1952 1020 bronchiarum
1983 939 2113 1022 surcu-

566 1083 625 1184 li,
656 1085 712 1164 ita
743 1097 790 1162 ut
814 1101 838 1160 a
865 1081 1004 1161 vicina
1031 1075 1288 1160 vasculorum
1322 1069 1644 1177 sangrriferorum
1681 1099 1755 1180 per
1790 1082 1912 1160 telam
1949 1083 2113 1160 cellulu-

565 1219 675 1322 sam,
710 1243 778 1302 eas
811 1223 1047 1326 cingentem
1076 1231 1121 1295 et
1146 1231 1419 1314 nectentem,
1462 1233 1587 1316 atque
1620 1222 1867 1320 mpiilarium
1899 1221 2015 1302 smmi
2049 1244 2109 1302 or-

565 1363 799 1466 dinantem,
852 1379 949 1468 post
995 1355 1163 1442 felicem
1203 1377 1347 1436 eomm
1379 1358 1550 1436 nuceria
1588 1361 1772 1441 colorata
1803 1363 2106 1466 impletionem,

565 1505 872 1605 distributione,
891 1506 1065 1607 parietes
1085 1497 1158 1605 ipfi
1178 1499 1356 1580 vasculis
1385 1495 1624 1604 sanguiferis
1646 1498 1866 1585 constructi
1887 1503 2112 1586 videantur.

570 1649 729 1732 Mirum
759 1663 895 1730 autem
926 1647 1060 1749 primo
1086 1643 1241 1724 intuitu
1268 1639 1462 1742 videtur,
1492 1639 1605 1743 quod
1634 1643 1776 1746 pleura
1803 1649 2042 1748 pulmomlis
2068 1649 2110 1725 in

564 1791 644 1872 hoc
685 1786 908 1895 specimine
940 1787 1052 1866 nulla
1094 1779 1183 1862 sere
1221 1783 1385 1862 vascula
1422 1782 1541 1862 mura
1569 1777 1786 1887 monſtrat,
1836 1807 1938 1887 quae
1976 1805 2111 1866 tamen

562 1933 737 2018 vasculis
766 1927 935 2029 serosrs,
966 1925 1125 2006 arteriis
1146 1924 1379 2023 continuis,
1405 1921 1524 2004 dives
1548 1920 1639 2003 satis
1661 1941 1753 2023 est,
1782 1926 1838 2004 ita
1862 1941 1934 2025 ut,
1959 1925 2110 2006 inflam-

561 2076 739 2156 matione
760 2067 926 2170 affecta,
954 2062 1362 2170 pseudomembrams
1384 2087 1472 2146 non
1500 2083 1686 2167 tannim,
1707 2089 1760 2147 ex
1774 2085 1889 2171 parte
1910 2065 2105 2172 sangrunis

561 2208 704 2292 fibrosa
729 2204 985 2307 constantes,
1017 2202 1242 2310 producat,
1283 2227 1430 2287 verum
1455 2209 1576 2289 etiam
1602 2209 1646 2288 in
1676 2209 1790 2289 hisce
1821 2231 1929 2290 nova
1951 2209 2111 2288 vascula

563 2356 607 2434 in
633 2347 898 2456 conspectum
924 2349 1103 2430 veniant.
1133 2345 1276 2455 Quum
1303 2365 1436 2430 autem
1459 2353 1602 2457 plenta
1623 2353 1787 2433 cusmlis
1813 2353 1982 2453 accipiat
2005 2367 2106 2429 arte-

563 2495 639 2576 rias
666 2493 715 2573 ab
740 2491 1090 2591 intercostalibus,
1118 2509 1221 2592 quae
1251 2491 1361 2572 nulla
1386 2494 1556 2574 materie
1585 2491 1630 2572 in
1659 2491 1741 2571 hoc
1777 2489 1970 2572 cadavere
1995 2505 2108 2568 erant

563 2634 786 2736 impletae,
828 2648 871 2712 et
895 2633 1037 2735 pleura
1066 2631 1308 2733 pulmonalis
1343 2632 1431 2738 ejus
1467 2655 1533 2718 est
1560 2631 1809 2739 productio,
1837 2637 1881 2715 in
1903 2632 1976 2712 hac
2006 2601 2102 2734 que

564 2793 642 2876 que
672 2772 781 2854 nulla
809 2775 972 2856 vascula
1002 2768 1219 2876 conspicua
1251 2777 1296 2856 in
1334 2775 1415 2858 hoc
1457 2773 1684 2882 specimine
1715 2771 1831 2858 reddi
1859 2789 2109 2878 potuenuu,

562 2917 607 2994 in
645 2936 723 3016 qua
750 2929 933 2995 cetentm
958 2911 1129 3018 quidem
1156 2909 1298 2996 adsunt
1322 2914 1484 3023 setosa,
1507 2920 1675 3024 pleume
1706 2918 1862 2998 arteriis
1887 2913 2107 3010 continue,

567 3050 636 3135 sed
663 3056 794 3136 multo
817 3057 1026 3157 tenuiora,
1056 3077 1176 3156 quam
1198 3058 1242 3137 in
1265 3055 1349 3162 ipsa
1369 3063 1511 3164 pleura
1540 3059 1705 3159 costali,
1731 3073 1895 3162 propter
1914 3051 2108 3156 majorem

568 3213 591 3274 e
623 3193 767 3300 primis
787 3187 968 3278 sontibus
996 3190 1241 3284 distantiam,
