4728 6338
550 408 1538 510 Fasctoueusdeaarucz
1743 449 1793 538 71

268 646 328 748 sr,
357 665 439 746 quo
460 658 581 718 omne
604 636 669 735 id,
698 632 811 738 quod
832 631 1100 720 insubstantia
1122 632 1210 740 eius
1239 633 1422 744 adesset,
1452 637 1670 728 admodum
1696 650 1798 734 clare

270 783 518 872 intuentibus
542 775 679 884 posset
710 793 868 878 patere,
896 793 978 874 quo
1009 769 1158 858 factum
1191 796 1273 880 est,
1302 799 1346 861 ut
1370 784 1512 888 ingens
1542 781 1705 888 quidem
1729 811 1800 870 out

268 947 402 1008 merus
427 893 633 1020 vasorum,
663 937 763 1018 quae
795 913 844 996 ad
880 917 1044 996 ultimos
1079 921 1270 1003 exilitatis
1304 923 1520 1014 immensae
1544 921 1648 1012 fines
1670 951 1798 1030 usque

267 1066 470 1150 materiem
497 1063 715 1141 coloratam
741 1054 1001 1157 admiserant,
1032 1059 1202 1162 eleganti
1225 1060 1458 1165 spectaculo
1479 1061 1560 1148 sese
1580 1067 1710 1148 oculis
1737 1068 1800 1152 os·
1881 1039 1890 1058 ¹

267 1203 416 1305 ferret3
449 1207 557 1284 nulla
583 1221 681 1280 vero
705 1216 939 1300 apparerent
972 1177 1206 1320 corpusct'rla
1233 1203 1480 1307 glandulosn.

286 1387 288 1392 ·
317 1347 487 1440 leonem
514 1341 632 1446 hujus
658 1327 887 1444 speciminis
914 1339 980 1420 hic
1007 1341 1209 1442 exhibeo,
1235 1349 1416 1444 quamvis
1444 1369 1527 1426 non
1549 1344 1798 1458 perfectam

265 1510 395 1592 neque
419 1487 526 1566 enim
549 1486 718 1589 pictori,
747 1483 879 1565 multo
904 1484 1034 1566 minus
1059 1481 1268 1588 sculptori,
1294 1489 1409 1568 licuit
1436 1491 1615 1575 omniurn
1657 1513 1797 1574 vascu-

265 1637 415 1730 lorum,
445 1650 545 1728 quae
570 1629 612 1706 in
638 1647 689 1704 eo
713 1621 1040 1725 conspiciuntur,
1064 1623 1317 1714 subtilitatem
1345 1630 1388 1712 in
1414 1630 1586 1710 chartam
1611 1627 1799 1714 transfer-

266 1796 333 1871 τες
375 1767 501 1874 scopo
539 1785 672 1847 tamen
711 1760 937 1848 satisfacere
975 1766 1073 1846 haec
1105 1770 1201 1848 icon
1231 1767 1412 1873 videtur,
1441 1788 1488 1853 ut
1513 1769 1606 1852 inde
1636 1789 1799 1880 pateat,

263 1917 309 1996 in
337 1909 438 1992 statu
473 1910 654 1992 intestini
691 1904 782 1986 sono
818 1909 1034 1990 maximum
1079 1907 1242 2010 quidem
1288 1933 1497 1992 numerum
1541 1915 1796 1996 vasculorum

260 2051 560 2142 exilissrmorum
586 2045 748 2149 adesse,
779 2071 865 2160 non
895 2071 992 2132 vero
1024 2047 1256 2152 conspicuas
1287 2051 1501 2154 glandulas.
1543 2050 1701 2136 Nonne
1728 2077 1794 2141 au·

262 2208 369 2291 tem,
413 2191 444 2272 sr
471 2185 653 2270 adessent
679 2186 884 2290 glandulae
913 2207 1027 2270 tanto
1060 2213 1247 2290 numero,
1290 2193 1427 2292 quales
1458 2216 1481 2272 a
1508 2191 1571 2274 Cl.
1601 2191 1794 2274 Liber·

222 2386 224 2392 ι
261 2331 479 2414 khunio
504 2350 800 2427 memorantur,
831 2329 1026 2436 deberent
1050 2328 1186 2434 ¹saltem
1212 2336 1432 2414 nonnullae
1457 2355 1619 2437 quoque
1647 2339 1691 2416 in
1718 2335 1796 2428 hoe

261 2469 482 2578 specimine
517 2469 557 2550 se
584 2470 816 2574 spectandas
850 2469 978 2554 dare?
1018 2472 1237 2576 Praecipue
1268 2496 1391 2574 quum
1427 2473 1500 2575 ipsr
1531 2471 1797 2578 glandularum

257 2612 394 2695 harum
445 2614 602 2716 patron
645 2610 842 2711 scribunt,
887 2633 952 2691 eas
982 2611 1039 2700 ad
1063 2609 1353 2718 compofitarum
1385 2611 1542 2720 classem
1569 2614 1795 2720 pertimere,

261 2763 302 2831 et
327 2753 376 2834 de
404 2747 772 2856 fimplicirfimarum
797 2748 1001 2857 structura
1030 2777 1107 2834 naa
1142 2752 1308 2834 multum
1350 2748 1520 2858 constare
1554 2753 1599 2836 od
1630 2752 1795 2838 nimiam

257 2913 396 2974 aarum
417 2890 695 2997 subtilitatem.
727 2889 785 2972 (¹)

315 3037 403 3118 lmo
427 3041 604 3138 quamvis
633 3034 706 3115 hae
738 3031 867 3116 essent
886 3033 1185 3137 subtilissrmae‚
1222 3038 1448 3140 simplices,
1480 3032 1712 3120 debuissent
1735 3055 1792 3120 ta-

259 3197 357 3266 men
379 3193 494 3255 certo
516 3173 811 3278 quodammodo
835 3177 1078 3280 conspicuae
1106 3179 1189 3260 esse
1209 3177 1338 3259 sactae
1366 3196 1462 3281 post
1486 3175 1588 3258 adeo
1614 3196 1794 3263 exactam

258 3337 302 3400 ot
334 3316 560 3422 perfectam
597 3322 778 3400 omnium
814 3324 1065 3404 vasculorum
1094 3322 1396 3424 impletionem,
1427 3319 1502 3416 ita,
1530 3334 1579 3398 ut
1603 3335 1692 3398 tuto
1720 3313 1792 3401 stae

212 3565 215 3574 .
256 3441 373 3544 alere
398 3456 516 3562 posse
550 3459 669 3539 nobis
699 3457 939 3560 videamur,
981 3461 1183 3541 materiem
1218 3457 1321 3544 adeo
1358 3455 1568 3558 subtilem,
1607 3480 1705 3560 quae
1742 3455 1792 3538 ad

260 3601 396 3680 omnia
427 3601 591 3680 minima
630 3600 749 3703 hujus
785 3603 907 3703 partis
946 3602 1106 3682 vaseula
1142 3599 1318 3698 transsit,
1357 3619 1480 3700 eaque
1514 3598 1688 3676 maximo
1718 3617 1790 3680 nu·

234 3727 371 3820 'mero
396 3736 612 3843 conspicua
642 3737 838 3838 reddidit,
869 3761 970 3840 quae
994 3740 1076 3823 stne
1105 3741 1178 3822 hac
1209 3737 1432 3822 encheiresr
1457 3757 1541 3819 uon
1578 3733 1791 3840 conspicua

254 3875 458 3981 fuissent,
490 3885 610 3962 etiam
642 3879 829 3963 debuisse
860 3881 975 3966 stmul
1009 3883 1165 3985 replere
1206 3880 1366 3961 vascula
1401 3879 1555 3974 illarum
1591 3873 1789 3982 glandula-

256 4043 373 4120 rum,
406 4026 536 4104 itaut
567 4023 642 4102 lrae
669 4024 791 4105 ctiam
825 4042 876 4104 eo
901 4019 1145 4126 conspicuae¹
1174 4018 1355 4106 redditae
1392 4017 1544 4117 essent,
1573 4015 1671 4101 dum
1704 4017 1791 4101 lem
1841 4101 1845 4108 .

177 4149 180 4156 ’
256 4161 359 4242 dum
382 4157 498 4243 usum
524 4166 567 4244 in
588 4163 781 4245 auxilium
805 4185 948 4244 vocare
976 4186 1058 4246 non
1077 4159 1240 4246 necesse
1271 4160 1341 4260 s1t;
1371 4160 1440 4240 hic
1460 4159 1571 4246 enim
1594 4181 1680 4238 non
1704 4181 1791 4244 rato

251 4301 457 4385 erroribus
482 4299 614 4396 ausam
636 4301 731 4386 dare
752 4300 884 4407 solet,
913 4309 1129 4412 praecipue
1155 4305 1187 4394 fi
1214 4301 1375 4408 obieeta
1403 4298 1454 4394 ad
1479 4292 1584 4394 adeo·
1597 4299 1791 4406 insignem

300 4613 366 4796 (Ἄ),
379 4614 486 4802 ⁰¹³3
515 4618 732 4708 Mssbetr
751 4621 989 4706 ,immittat
1006 4623 1048 4702 la
1075 4619 1122 4704 m
1153 4618 1431 4706 troesenen
1456 4613 1665 4710 solemma
1694 4605 1802 4687 mam

257 4745 312 4795 eor
366 4747 432 4799 om.
487 4755 556 4822 .p.
581 4756 656 4822 327·

317 5028 331 5067 i
