<?xml version="1.0" encoding="UTF-8"?>
<!DOCTYPE html PUBLIC "-//W3C//DTD XHTML 1.0 Transitional//EN"
    "http://www.w3.org/TR/xhtml1/DTD/xhtml1-transitional.dtd">
<html xmlns="http://www.w3.org/1999/xhtml" xml:lang="en" lang="en">
 <head>
  <title>
</title>
<meta http-equiv="Content-Type" content="text/html;charset=utf-8" />
  <meta name='ocr-system' content='tesseract 3.04.00' />
  <meta name='ocr-capabilities' content='ocr_page ocr_carea ocr_par ocr_line ocrx_word'/>
</head>
<body>
  <div class='ocr_page' id='page_1' title='image "./iconesanatomico00bleugoog_0050.png"; bbox 0 0 4764 6328; ppageno 0'>
   <div class='ocr_carea' id='block_1_1' title="bbox 502 357 1812 476">
    <p class='ocr_par' dir='ltr' id='par_1_1' title="bbox 502 357 1812 476">
     <span class='ocr_line' id='line_1_1' title="bbox 502 357 1812 476; baseline -0.007 -11.796"><span class='ocrx_word' id='word_1_1' title='bbox 502 357 1532 464; x_wconf 38' lang='lat' dir='ltr'><strong>Maacteunuasncuunus.</strong></span> <span class='ocrx_word' id='word_1_2' title='bbox 1756 397 1812 476; x_wconf 81' lang='lat'><strong>²9</strong></span> 
     </span>
    </p>
   </div>
   <div class='ocr_carea' id='block_1_2' title="bbox 207 533 1813 1833">
    <p class='ocr_par' dir='ltr' id='par_1_2' title="bbox 207 533 1813 1833">
     <span class='ocr_line' id='line_1_2' title="bbox 328 533 1813 707; baseline -0.008 -20"><span class='ocrx_word' id='word_1_3' title='bbox 328 591 421 687; x_wconf 85' lang='lat' dir='ltr'><strong>Si</strong></span> <span class='ocrx_word' id='word_1_4' title='bbox 408 622 490 707; x_wconf 80' lang='lat' dir='ltr'><strong>Jam</strong></span> <span class='ocrx_word' id='word_1_5' title='bbox 523 600 692 706; x_wconf 79' lang='lat' dir='ltr'><strong>smgulaa</strong></span> <span class='ocrx_word' id='word_1_6' title='bbox 730 593 801 678; x_wconf 86' lang='lat' dir='ltr'><strong>has</strong></span> <span class='ocrx_word' id='word_1_7' title='bbox 840 595 995 677; x_wconf 86' lang='lat' dir='ltr'><strong>tunicas</strong></span> <span class='ocrx_word' id='word_1_8' title='bbox 1035 587 1229 697; x_wconf 82' lang='lat' dir='ltr'><strong>separatas</strong></span> <span class='ocrx_word' id='word_1_9' title='bbox 1273 533 1615 695; x_wconf 83' lang='lat' dir='ltr'><strong>contemplamur,</strong></span> <span class='ocrx_word' id='word_1_10' title='bbox 1648 612 1813 699; x_wconf 87' lang='lat' dir='ltr'><strong>apparet</strong></span> 
     </span>
     <span class='ocr_line' id='line_1_3' title="bbox 273 730 1812 852; baseline -0.006 -28"><span class='ocrx_word' id='word_1_11' title='bbox 273 743 414 824; x_wconf 89' lang='lat' dir='ltr'><strong>intima</strong></span> <span class='ocrx_word' id='word_1_12' title='bbox 428 733 698 852; x_wconf 89' lang='lat' dir='ltr'><strong>,epidermidi</strong></span> <span class='ocrx_word' id='word_1_13' title='bbox 719 734 882 836; x_wconf 79' lang='lat' dir='ltr'><strong>similis,</strong></span> <span class='ocrx_word' id='word_1_14' title='bbox 913 753 1014 838; x_wconf 88' lang='lat' dir='ltr'><strong>quae</strong></span> <span class='ocrx_word' id='word_1_15' title='bbox 1036 735 1079 816; x_wconf 91' lang='lat' dir='ltr'><strong>in</strong></span> <span class='ocrx_word' id='word_1_16' title='bbox 1101 734 1183 814; x_wconf 84' lang='lat' dir='ltr'><strong>oris</strong></span> <span class='ocrx_word' id='word_1_17' title='bbox 1213 733 1388 816; x_wconf 85' lang='lat' dir='ltr'><strong>cavitate</strong></span> <span class='ocrx_word' id='word_1_18' title='bbox 1409 737 1543 818; x_wconf 90' lang='lat' dir='ltr'><strong>tenuis</strong></span> <span class='ocrx_word' id='word_1_19' title='bbox 1567 730 1812 836; x_wconf 82' lang='lat' dir='ltr'><strong>admodum,</strong></span> 
     </span>
     <span class='ocr_line' id='line_1_4' title="bbox 259 866 1811 990; baseline -0.006 -26"><span class='ocrx_word' id='word_1_20' title='bbox 259 883 315 964; x_wconf 75' lang='lat' dir='ltr'><strong>&#39;in</strong></span> <span class='ocrx_word' id='word_1_21' title='bbox 341 879 572 990; x_wconf 87' lang='lat' dir='ltr'><strong>oesophago</strong></span> <span class='ocrx_word' id='word_1_22' title='bbox 597 880 717 986; x_wconf 91' lang='lat' dir='ltr'><strong>paulo</strong></span> <span class='ocrx_word' id='word_1_23' title='bbox 744 874 906 966; x_wconf 81' lang='lat' dir='ltr'><strong>ctassror</strong></span> <span class='ocrx_word' id='word_1_24' title='bbox 923 892 986 957; x_wconf 85' lang='lat' dir='ltr'><strong>est</strong></span> <span class='ocrx_word' id='word_1_25' title='bbox 998 935 1012 978; x_wconf 93' lang='lat'>,</span> <span class='ocrx_word' id='word_1_26' title='bbox 1044 895 1097 958; x_wconf 84' lang='lat' dir='ltr'><strong>ea</strong></span> <span class='ocrx_word' id='word_1_27' title='bbox 1109 870 1382 978; x_wconf 77' lang='lat' dir='ltr'><strong>sapientissimi</strong></span> <span class='ocrx_word' id='word_1_28' title='bbox 1410 866 1588 953; x_wconf 83' lang='lat' dir='ltr'>Naturae</span> <span class='ocrx_word' id='word_1_29' title='bbox 1618 873 1811 955; x_wconf 89' lang='lat' dir='ltr'>Auctoris</span> 
     </span>
     <span class='ocr_line' id='line_1_5' title="bbox 274 1012 1810 1129; baseline -0.005 -25"><span class='ocrx_word' id='word_1_30' title='bbox 274 1019 402 1129; x_wconf 88' lang='lat' dir='ltr'><strong>scopo</strong></span> <span class='ocrx_word' id='word_1_31' title='bbox 415 1083 430 1126; x_wconf 93' lang='lat'>,</span> <span class='ocrx_word' id='word_1_32' title='bbox 469 1043 554 1128; x_wconf 89' lang='lat' dir='ltr'><strong>quo</strong></span> <span class='ocrx_word' id='word_1_33' title='bbox 585 1020 731 1104; x_wconf 85' lang='lat' dir='ltr'><strong>melina</strong></span> <span class='ocrx_word' id='word_1_34' title='bbox 768 1015 972 1124; x_wconf 84' lang='lat' dir='ltr'><strong>subjectos</strong></span> <span class='ocrx_word' id='word_1_35' title='bbox 1013 1012 1270 1099; x_wconf 85' lang='lat' dir='ltr'><strong>vasculorum</strong></span> <span class='ocrx_word' id='word_1_36' title='bbox 1304 1029 1348 1094; x_wconf 92' lang='lat' dir='ltr'><strong>et</strong></span> <span class='ocrx_word' id='word_1_37' title='bbox 1378 1015 1632 1096; x_wconf 87' lang='lat' dir='ltr'><strong>nervulomm</strong></span> <span class='ocrx_word' id='word_1_38' title='bbox 1659 1018 1810 1098; x_wconf 81' lang='lat' dir='ltr'><strong>tenuia-</strong></span> 
     </span>
     <span class='ocr_line' id='line_1_6' title="bbox 260 1151 1812 1259; baseline -0.009 -12"><span class='ocrx_word' id='word_1_39' title='bbox 260 1163 391 1247; x_wconf 86' lang='lat' dir='ltr'><strong>-simos</strong></span> <span class='ocrx_word' id='word_1_40' title='bbox 425 1159 526 1246; x_wconf 87' lang='lat' dir='ltr'><strong>fines</strong></span> <span class='ocrx_word' id='word_1_41' title='bbox 567 1157 787 1246; x_wconf 88' lang='lat' dir='ltr'><strong>defendere</strong></span> <span class='ocrx_word' id='word_1_42' title='bbox 822 1164 868 1244; x_wconf 91' lang='lat' dir='ltr'><strong>in</strong></span> <span class='ocrx_word' id='word_1_43' title='bbox 893 1157 1063 1240; x_wconf 87' lang='lat' dir='ltr'><strong>transitu</strong></span> <span class='ocrx_word' id='word_1_44' title='bbox 1087 1153 1369 1236; x_wconf 85' lang='lat' dir='ltr'><strong>alimentorum</strong></span> <span class='ocrx_word' id='word_1_45' title='bbox 1398 1151 1552 1259; x_wconf 77' lang='lat' dir='ltr'><strong>poss1t3</strong></span> <span class='ocrx_word' id='word_1_46' title='bbox 1580 1157 1736 1238; x_wconf 86' lang='lat' dir='ltr'><strong>etenim</strong></span> <span class='ocrx_word' id='word_1_47' title='bbox 1769 1156 1812 1233; x_wconf 85' lang='lat' dir='ltr'><strong>in</strong></span> 
     </span>
     <span class='ocr_line' id='line_1_7' title="bbox 260 1297 1812 1407; baseline -0.006 -20"><span class='ocrx_word' id='word_1_48' title='bbox 260 1305 522 1407; x_wconf 82' lang='lat' dir='ltr'><strong>-ventriculo,</strong></span> <span class='ocrx_word' id='word_1_49' title='bbox 572 1301 642 1385; x_wconf 89' lang='lat' dir='ltr'><strong>ubi</strong></span> <span class='ocrx_word' id='word_1_50' title='bbox 676 1321 762 1383; x_wconf 90' lang='lat' dir='ltr'><strong>non</strong></span> <span class='ocrx_word' id='word_1_51' title='bbox 794 1315 950 1384; x_wconf 85' lang='lat' dir='ltr'><strong>tanturn</strong></span> <span class='ocrx_word' id='word_1_52' title='bbox 987 1298 1167 1380; x_wconf 90' lang='lat' dir='ltr'><strong>attritum</strong></span> <span class='ocrx_word' id='word_1_53' title='bbox 1203 1297 1407 1400; x_wconf 88' lang='lat' dir='ltr'><strong>patiuntur</strong></span> <span class='ocrx_word' id='word_1_54' title='bbox 1441 1297 1518 1379; x_wconf 87' lang='lat' dir='ltr'><strong>hae</strong></span> <span class='ocrx_word' id='word_1_55' title='bbox 1549 1313 1710 1404; x_wconf 84' lang='lat' dir='ltr'><strong>partes,</strong></span> <span class='ocrx_word' id='word_1_56' title='bbox 1754 1317 1812 1379; x_wconf 80' lang='lat' dir='ltr'><strong>te-</strong></span> 
     </span>
     <span class='ocr_line' id='line_1_8' title="bbox 207 1432 1813 1544; baseline -0.002 -20"><span class='ocrx_word' id='word_1_57' title='bbox 207 1516 211 1524; x_wconf 87' lang='lat'><strong>.</strong></span> <span class='ocrx_word' id='word_1_58' title='bbox 273 1449 393 1530; x_wconf 92' lang='lat' dir='ltr'><strong>nuior</strong></span> <span class='ocrx_word' id='word_1_59' title='bbox 432 1446 554 1528; x_wconf 88' lang='lat' dir='ltr'><strong>etiarn</strong></span> <span class='ocrx_word' id='word_1_60' title='bbox 595 1438 828 1526; x_wconf 88' lang='lat' dir='ltr'><strong>observatur</strong></span> <span class='ocrx_word' id='word_1_61' title='bbox 866 1440 967 1526; x_wconf 87' lang='lat' dir='ltr'><strong>haec</strong></span> <span class='ocrx_word' id='word_1_62' title='bbox 1021 1435 1241 1544; x_wconf 81' lang='lat' dir='ltr'><strong>oesophagi</strong></span> <span class='ocrx_word' id='word_1_63' title='bbox 1284 1432 1534 1540; x_wconf 86' lang='lat' dir='ltr'><strong>epidermis.¹</strong></span> <span class='ocrx_word' id='word_1_64' title='bbox 1583 1433 1718 1542; x_wconf 86' lang='lat' dir='ltr'><strong>Hujus</strong></span> <span class='ocrx_word' id='word_1_65' title='bbox 1753 1455 1813 1520; x_wconf 86' lang='lat' dir='ltr'><strong>tn-</strong></span> 
     </span>
     <span class='ocr_line' id='line_1_9' title="bbox 258 1559 1812 1692; baseline -0.004 -26"><span class='ocrx_word' id='word_1_66' title='bbox 258 1559 391 1668; x_wconf 77' lang='lat' dir='ltr'><strong>&#39;snicae</strong></span> <span class='ocrx_word' id='word_1_67' title='bbox 423 1601 561 1668; x_wconf 87' lang='lat' dir='ltr'><strong>natura</strong></span> <span class='ocrx_word' id='word_1_68' title='bbox 593 1599 705 1692; x_wconf 88' lang='lat' dir='ltr'><strong>patet</strong></span> <span class='ocrx_word' id='word_1_69' title='bbox 730 1579 824 1686; x_wconf 87' lang='lat' dir='ltr'><strong>Fig.·</strong></span> <span class='ocrx_word' id='word_1_70' title='bbox 853 1603 876 1662; x_wconf 85' lang='lat' dir='ltr'><strong>a</strong></span> <span class='ocrx_word' id='word_1_71' title='bbox 891 1640 906 1684; x_wconf 90' lang='lat'>‚</span> <span class='ocrx_word' id='word_1_72' title='bbox 935 1578 1007 1662; x_wconf 89' lang='lat' dir='ltr'><strong>ubi</strong></span> <span class='ocrx_word' id='word_1_73' title='bbox 1030 1578 1220 1683; x_wconf 87' lang='lat' dir='ltr'><strong>panicula</strong></span> <span class='ocrx_word' id='word_1_74' title='bbox 1249 1573 1336 1684; x_wconf 83' lang='lat' dir='ltr'><strong>ejus</strong></span> <span class='ocrx_word' id='word_1_75' title='bbox 1369 1579 1621 1662; x_wconf 82' lang='lat' dir='ltr'><strong>membranae</strong></span> <span class='ocrx_word' id='word_1_76' title='bbox 1647 1580 1812 1662; x_wconf 90' lang='lat' dir='ltr'><strong>minima</strong></span> 
     </span>
     <span class='ocr_line' id='line_1_10' title="bbox 259 1717 1811 1833; baseline -0.004 -25"><span class='ocrx_word' id='word_1_77' title='bbox 259 1731 401 1810; x_wconf 83' lang='lat' dir='ltr'><strong>oculo</strong></span> <span class='ocrx_word' id='word_1_78' title='bbox 427 1743 576 1810; x_wconf 88' lang='lat' dir='ltr'><strong>armato</strong></span> <span class='ocrx_word' id='word_1_79' title='bbox 604 1725 771 1833; x_wconf 87' lang='lat' dir='ltr'><strong>porulos</strong></span> <span class='ocrx_word' id='word_1_80' title='bbox 794 1721 1027 1806; x_wconf 84' lang='lat' dir='ltr'><strong>innumeros</strong></span> <span class='ocrx_word' id='word_1_81' title='bbox 1054 1717 1221 1802; x_wconf 84' lang='lat' dir='ltr'><strong>exhibet</strong></span> <span class='ocrx_word' id='word_1_82' title='bbox 1233 1779 1249 1822; x_wconf 89' lang='lat'><strong>,</strong></span> <span class='ocrx_word' id='word_1_83' title='bbox 1270 1741 1345 1825; x_wconf 89' lang='lat' dir='ltr'><strong>per</strong></span> <span class='ocrx_word' id='word_1_84' title='bbox 1366 1742 1467 1824; x_wconf 88' lang='lat' dir='ltr'><strong>quos</strong></span> <span class='ocrx_word' id='word_1_85' title='bbox 1489 1720 1623 1824; x_wconf 92' lang='lat' dir='ltr'><strong>liquor</strong></span> <span class='ocrx_word' id='word_1_86' title='bbox 1649 1723 1811 1806; x_wconf 89' lang='lat' dir='ltr'><strong>arterio-</strong></span> 
     </span>
    </p>
   </div>
   <div class='ocr_carea' id='block_1_3' title="bbox 149 1859 1848 1980">
    <p class='ocr_par' dir='ltr' id='par_1_3' title="bbox 149 1859 1848 1980">
     <span class='ocr_line' id='line_1_11' title="bbox 149 1859 1848 1980; baseline -0.002 -32"><span class='ocrx_word' id='word_1_87' title='bbox 149 1971 153 1980; x_wconf 18' lang='grc' dir='ltr'><em>ι</em></span> <span class='ocrx_word' id='word_1_88' title='bbox 275 1865 339 1952; x_wconf 84' lang='lat' dir='ltr'><strong>sus</strong></span> <span class='ocrx_word' id='word_1_89' title='bbox 368 1869 562 1950; x_wconf 91' lang='lat' dir='ltr'><strong>continuo</strong></span> <span class='ocrx_word' id='word_1_90' title='bbox 593 1863 786 1976; x_wconf 87' lang='lat' dir='ltr'><strong>depluere</strong></span> <span class='ocrx_word' id='word_1_91' title='bbox 822 1863 975 1972; x_wconf 82' lang='lat' dir='ltr'><strong>posllt3</strong></span> <span class='ocrx_word' id='word_1_92' title='bbox 1011 1859 1217 1969; x_wconf 83' lang='lat' dir='ltr'><strong>glandulae</strong></span> <span class='ocrx_word' id='word_1_93' title='bbox 1250 1883 1413 1968; x_wconf 91' lang='lat' dir='ltr'><strong>quoque</strong></span> <span class='ocrx_word' id='word_1_94' title='bbox 1444 1864 1672 1969; x_wconf 88' lang='lat' dir='ltr'><strong>muciparae</strong></span> <span class='ocrx_word' id='word_1_95' title='bbox 1702 1885 1848 1980; x_wconf 73' lang='lat' dir='ltr'><strong>aper-¹</strong></span> 
     </span>
    </p>
   </div>
   <div class='ocr_carea' id='block_1_4' title="bbox 250 1999 1863 4806">
    <p class='ocr_par' dir='ltr' id='par_1_4' title="bbox 250 1999 1863 4806">
     <span class='ocr_line' id='line_1_12' title="bbox 273 1999 1812 2112; baseline -0.005 -22"><span class='ocrx_word' id='word_1_96' title='bbox 273 2026 402 2094; x_wconf 88' lang='lat' dir='ltr'><strong>turam</strong></span> <span class='ocrx_word' id='word_1_97' title='bbox 425 2005 593 2093; x_wconf 90' lang='lat' dir='ltr'><strong>indicat.</strong></span> <span class='ocrx_word' id='word_1_98' title='bbox 650 2005 741 2092; x_wconf 89' lang='lat' dir='ltr'><strong>Hac</strong></span> <span class='ocrx_word' id='word_1_99' title='bbox 772 2001 1021 2112; x_wconf 89' lang='lat' dir='ltr'><strong>epidermide</strong></span> <span class='ocrx_word' id='word_1_100' title='bbox 1058 2026 1158 2087; x_wconf 89' lang='lat' dir='ltr'><strong>vero</strong></span> <span class='ocrx_word' id='word_1_101' title='bbox 1183 2027 1205 2084; x_wconf 92' lang='lat' dir='ltr'><strong>a</strong></span> <span class='ocrx_word' id='word_1_102' title='bbox 1230 2001 1410 2108; x_wconf 78' lang='lat' dir='ltr'><strong>subiecta</strong></span> <span class='ocrx_word' id='word_1_103' title='bbox 1444 2006 1582 2086; x_wconf 87' lang='lat' dir='ltr'><strong>tunica</strong></span> <span class='ocrx_word' id='word_1_104' title='bbox 1613 1999 1812 2106; x_wconf 83' lang='lat' dir='ltr'><strong>detracta,</strong></span> 
     </span>
     <span class='ocr_line' id='line_1_13' title="bbox 275 2141 1817 2266; baseline -0.005 -34"><span class='ocrx_word' id='word_1_105' title='bbox 275 2146 393 2256; x_wconf 84' lang='lat' dir='ltr'><strong>hujus</strong></span> <span class='ocrx_word' id='word_1_106' title='bbox 406 2210 422 2255; x_wconf 90' lang='lat'>,</span> <span class='ocrx_word' id='word_1_107' title='bbox 457 2147 643 2266; x_wconf 22' lang='lat' dir='ltr'><strong>&#39;villosae</strong></span> <span class='ocrx_word' id='word_1_108' title='bbox 684 2143 845 2251; x_wconf 86' lang='lat' dir='ltr'><strong>dictae,</strong></span> <span class='ocrx_word' id='word_1_109' title='bbox 888 2163 1026 2230; x_wconf 87' lang='lat' dir='ltr'><strong>natura</strong></span> <span class='ocrx_word' id='word_1_110' title='bbox 1060 2147 1226 2229; x_wconf 81' lang='lat' dir='ltr'><strong>ulterius</strong></span> <span class='ocrx_word' id='word_1_111' title='bbox 1268 2161 1461 2252; x_wconf 81' lang='lat' dir='ltr'><strong>apparet3</strong></span> <span class='ocrx_word' id='word_1_112' title='bbox 1511 2141 1817 2252; x_wconf 89' lang='lat' dir='ltr'><strong>conspiciuntur</strong></span> 
     </span>
     <span class='ocr_line' id='line_1_14' title="bbox 277 2283 1819 2398; baseline -0.004 -26"><span class='ocrx_word' id='word_1_113' title='bbox 277 2295 386 2377; x_wconf 87' lang='lat' dir='ltr'><strong>enim</strong></span> <span class='ocrx_word' id='word_1_114' title='bbox 428 2293 470 2373; x_wconf 92' lang='lat' dir='ltr'><strong>in</strong></span> <span class='ocrx_word' id='word_1_115' title='bbox 499 2290 589 2398; x_wconf 85' lang='lat' dir='ltr'><strong>Fig.</strong></span> <span class='ocrx_word' id='word_1_116' title='bbox 622 2317 660 2398; x_wconf 81' lang='lat'><strong>3.</strong></span> <span class='ocrx_word' id='word_1_117' title='bbox 689 2289 796 2374; x_wconf 89' lang='lat' dir='ltr'><strong>rubri</strong></span> <span class='ocrx_word' id='word_1_118' title='bbox 820 2291 939 2391; x_wconf 92' lang='lat' dir='ltr'><strong>villi,</strong></span> <span class='ocrx_word' id='word_1_119' title='bbox 976 2289 1247 2372; x_wconf 89' lang='lat' dir='ltr'><strong>arteriolarum</strong></span> <span class='ocrx_word' id='word_1_120' title='bbox 1277 2283 1402 2389; x_wconf 86' lang='lat' dir='ltr'><strong>fines,</strong></span> <span class='ocrx_word' id='word_1_121' title='bbox 1434 2283 1529 2368; x_wconf 90' lang='lat' dir='ltr'><strong>dum</strong></span> <span class='ocrx_word' id='word_1_122' title='bbox 1552 2307 1607 2368; x_wconf 88' lang='lat' dir='ltr'><strong>ex</strong></span> <span class='ocrx_word' id='word_1_123' title='bbox 1632 2283 1724 2368; x_wconf 90' lang='lat' dir='ltr'><strong>albo</strong></span> <span class='ocrx_word' id='word_1_124' title='bbox 1751 2287 1819 2368; x_wconf 87' lang='lat' dir='ltr'><strong>ila-</strong></span> 
     </span>
     <span class='ocr_line' id='line_1_15' title="bbox 261 2423 1818 2544; baseline -0.005 -26"><span class='ocrx_word' id='word_1_125' title='bbox 261 2450 470 2518; x_wconf 88' lang='lat' dir='ltr'><strong>-vescente</strong></span> <span class='ocrx_word' id='word_1_126' title='bbox 489 2434 628 2514; x_wconf 89' lang='lat' dir='ltr'><strong>colore</strong></span> <span class='ocrx_word' id='word_1_127' title='bbox 656 2451 804 2512; x_wconf 87' lang='lat' dir='ltr'><strong>nervea</strong></span> <span class='ocrx_word' id='word_1_128' title='bbox 829 2434 1069 2534; x_wconf 84' lang='lat' dir='ltr'><strong>tenerrima,</strong></span> <span class='ocrx_word' id='word_1_129' title='bbox 1107 2429 1178 2515; x_wconf 86' lang='lat' dir='ltr'><strong>etii</strong></span> <span class='ocrx_word' id='word_1_130' title='bbox 1205 2427 1394 2535; x_wconf 83' lang='lat' dir='ltr'><strong>collapsas</strong></span> <span class='ocrx_word' id='word_1_131' title='bbox 1427 2423 1584 2512; x_wconf 83' lang='lat' dir='ltr'><strong>iibrillis</strong></span> <span class='ocrx_word' id='word_1_132' title='bbox 1602 2485 1630 2544; x_wconf 37' lang='grc' dir='ltr'><strong>,ἢ</strong></span> <span class='ocrx_word' id='word_1_133' title='bbox 1645 2449 1818 2533; x_wconf 86' lang='lat' dir='ltr'><strong>cognos-</strong></span> 
     </span>
     <span class='ocr_line' id='line_1_16' title="bbox 256 2549 1818 2680; baseline -0.004 -26"><span class='ocrx_word' id='word_1_134' title='bbox 256 2549 266 2664; x_wconf 54' lang='lat' dir='ltr'>J</span> <span class='ocrx_word' id='word_1_135' title='bbox 277 2579 411 2679; x_wconf 87' lang='lat' dir='ltr'><strong>citur,</strong></span> <span class='ocrx_word' id='word_1_136' title='bbox 439 2592 559 2680; x_wconf 89' lang='lat' dir='ltr'><strong>atque</strong></span> <span class='ocrx_word' id='word_1_137' title='bbox 592 2577 636 2656; x_wconf 93' lang='lat' dir='ltr'><strong>in</strong></span> <span class='ocrx_word' id='word_1_138' title='bbox 663 2569 856 2658; x_wconf 86' lang='lat' dir='ltr'><strong>inferiore</strong></span> <span class='ocrx_word' id='word_1_139' title='bbox 888 2569 1005 2677; x_wconf 81' lang='lat' dir='ltr'><strong>hujus</strong></span> <span class='ocrx_word' id='word_1_140' title='bbox 1037 2574 1173 2656; x_wconf 78' lang='lat' dir='ltr'><strong>iconis</strong></span> <span class='ocrx_word' id='word_1_141' title='bbox 1196 2588 1329 2679; x_wconf 89' lang='lat' dir='ltr'><strong>parte,</strong></span> <span class='ocrx_word' id='word_1_142' title='bbox 1371 2565 1578 2674; x_wconf 82' lang='lat' dir='ltr'><strong>glandulae</strong></span> <span class='ocrx_word' id='word_1_143' title='bbox 1610 2590 1707 2651; x_wconf 87' lang='lat' dir='ltr'><strong>mox</strong></span> <span class='ocrx_word' id='word_1_144' title='bbox 1734 2588 1818 2650; x_wconf 89' lang='lat' dir='ltr'><strong>me-</strong></span> 
     </span>
     <span class='ocr_line' id='line_1_17' title="bbox 254 2686 1815 2824; baseline -0.003 -26"><span class='ocrx_word' id='word_1_145' title='bbox 254 2686 451 2798; x_wconf 81' lang='lat' dir='ltr'><strong>moratae</strong></span> <span class='ocrx_word' id='word_1_146' title='bbox 486 2689 676 2800; x_wconf 87' lang='lat' dir='ltr'><strong>ductulus</strong></span> <span class='ocrx_word' id='word_1_147' title='bbox 709 2715 961 2798; x_wconf 74' lang='lat' dir='ltr'><strong>excretorias</strong></span> <span class='ocrx_word' id='word_1_148' title='bbox 991 2731 1181 2820; x_wconf 86' lang='lat' dir='ltr'><strong>apparet,</strong></span> <span class='ocrx_word' id='word_1_149' title='bbox 1229 2717 1429 2798; x_wconf 85' lang='lat' dir='ltr'><strong>exteriore</strong></span> <span class='ocrx_word' id='word_1_150' title='bbox 1467 2709 1548 2796; x_wconf 84' lang='lat' dir='ltr'><strong>line</strong></span> <span class='ocrx_word' id='word_1_151' title='bbox 1588 2710 1671 2795; x_wconf 82' lang='lat' dir='ltr'><strong>save</strong></span> <span class='ocrx_word' id='word_1_152' title='bbox 1715 2734 1815 2824; x_wconf 85' lang='lat' dir='ltr'><strong>mar-</strong></span> 
     </span>
     <span class='ocr_line' id='line_1_18' title="bbox 279 2852 1816 2966; baseline -0.005 -26"><span class='ocrx_word' id='word_1_153' title='bbox 279 2861 371 2966; x_wconf 83' lang='lat' dir='ltr'><strong>gine</strong></span> <span class='ocrx_word' id='word_1_154' title='bbox 407 2862 588 2964; x_wconf 80' lang='lat' dir='ltr'><strong>privatus</strong></span> <span class='ocrx_word' id='word_1_155' title='bbox 617 2879 690 2964; x_wconf 89' lang='lat' dir='ltr'><strong>per</strong></span> <span class='ocrx_word' id='word_1_156' title='bbox 725 2853 943 2940; x_wconf 87' lang='lat' dir='ltr'><strong>detractam</strong></span> <span class='ocrx_word' id='word_1_157' title='bbox 977 2857 1174 2940; x_wconf 90' lang='lat' dir='ltr'><strong>intimam.</strong></span> <span class='ocrx_word' id='word_1_158' title='bbox 1234 2853 1283 2937; x_wconf 91' lang='lat' dir='ltr'><strong>ln</strong></span> <span class='ocrx_word' id='word_1_159' title='bbox 1317 2852 1405 2960; x_wconf 88' lang='lat' dir='ltr'><strong>Fig.</strong></span> <span class='ocrx_word' id='word_1_160' title='bbox 1433 2877 1473 2957; x_wconf 89' lang='grc'><strong>4.</strong></span> <span class='ocrx_word' id='word_1_161' title='bbox 1504 2870 1694 2959; x_wconf 88' lang='lat' dir='ltr'><strong>apparent</strong></span> <span class='ocrx_word' id='word_1_162' title='bbox 1727 2875 1816 2934; x_wconf 89' lang='lat' dir='ltr'><strong>cor-</strong></span> 
     </span>
     <span class='ocr_line' id='line_1_19' title="bbox 261 2993 1817 3106; baseline -0.003 -24"><span class='ocrx_word' id='word_1_163' title='bbox 261 3001 442 3106; x_wconf 86' lang='lat' dir='ltr'><strong>puscula</strong></span> <span class='ocrx_word' id='word_1_164' title='bbox 471 2995 730 3106; x_wconf 88' lang='lat' dir='ltr'><strong>glandulosa,</strong></span> <span class='ocrx_word' id='word_1_165' title='bbox 776 3021 878 3104; x_wconf 87' lang='lat' dir='ltr'><strong>quae</strong></span> <span class='ocrx_word' id='word_1_166' title='bbox 918 2999 1132 3100; x_wconf 80' lang='lat' dir='ltr'><strong>arctissime</strong></span> <span class='ocrx_word' id='word_1_167' title='bbox 1167 2995 1386 3104; x_wconf 75' lang='lat' dir='ltr'><strong>coniuncta</strong></span> <span class='ocrx_word' id='word_1_168' title='bbox 1424 2993 1517 3079; x_wconf 86' lang='lat' dir='ltr'><strong>stmt</strong></span> <span class='ocrx_word' id='word_1_169' title='bbox 1552 3017 1649 3078; x_wconf 92' lang='lat' dir='ltr'><strong>cum</strong></span> <span class='ocrx_word' id='word_1_170' title='bbox 1692 2995 1817 3078; x_wconf 89' lang='lat' dir='ltr'><strong>modo</strong></span> 
     </span>
     <span class='ocr_line' id='line_1_20' title="bbox 250 3132 1821 3251; baseline -0.003 -26"><span class='ocrx_word' id='word_1_171' title='bbox 250 3132 472 3251; x_wconf 55' lang='lat' dir='ltr'><strong>{descripta</strong></span> <span class='ocrx_word' id='word_1_172' title='bbox 507 3162 680 3244; x_wconf 86' lang='lat' dir='ltr'><strong>nervea,</strong></span> <span class='ocrx_word' id='word_1_173' title='bbox 718 3143 774 3224; x_wconf 90' lang='lat' dir='ltr'><strong>ita</strong></span> <span class='ocrx_word' id='word_1_174' title='bbox 814 3159 890 3245; x_wconf 88' lang='lat' dir='ltr'><strong>ut,</strong></span> <span class='ocrx_word' id='word_1_175' title='bbox 930 3137 1119 3247; x_wconf 88' lang='lat' dir='ltr'><strong>quamdiu</strong></span> <span class='ocrx_word' id='word_1_176' title='bbox 1150 3139 1400 3245; x_wconf 85' lang='lat' dir='ltr'><strong>specimen</strong></span> <span class='ocrx_word' id='word_1_177' title='bbox 1388 3158 1433 3219; x_wconf 90' lang='grc' dir='ltr'><strong>ιιι</strong></span> <span class='ocrx_word' id='word_1_178' title='bbox 1464 3139 1618 3242; x_wconf 91' lang='lat' dir='ltr'><strong>liquore</strong></span> <span class='ocrx_word' id='word_1_179' title='bbox 1654 3133 1821 3220; x_wconf 88' lang='lat' dir='ltr'><strong>fluctuat</strong></span> 
     </span>
     <span class='ocr_line' id='line_1_21' title="bbox 262 3263 1819 3402; baseline -0.002 -38"><span class='ocrx_word' id='word_1_180' title='bbox 262 3303 320 3367; x_wconf 71' lang='lat' dir='ltr'><strong>vet</strong></span> <span class='ocrx_word' id='word_1_181' title='bbox 336 3285 424 3368; x_wconf 90' lang='lat' dir='ltr'><strong>villi</strong></span> <span class='ocrx_word' id='word_1_182' title='bbox 447 3301 567 3389; x_wconf 85' lang='lat' dir='ltr'><strong>atque</strong></span> <span class='ocrx_word' id='word_1_183' title='bbox 594 3284 853 3402; x_wconf 88' lang='lat' dir='ltr'><strong>nervulorum</strong></span> <span class='ocrx_word' id='word_1_184' title='bbox 880 3281 981 3366; x_wconf 79' lang='lat' dir='ltr'><strong>fines</strong></span> <span class='ocrx_word' id='word_1_185' title='bbox 1005 3307 1099 3368; x_wconf 91' lang='lat' dir='ltr'><strong>curn</strong></span> <span class='ocrx_word' id='word_1_186' title='bbox 1131 3263 1248 3367; x_wconf 84' lang='lat' dir='ltr'><strong>hisce</strong></span> <span class='ocrx_word' id='word_1_187' title='bbox 1280 3305 1354 3388; x_wconf 89' lang='lat' dir='ltr'><strong>per</strong></span> <span class='ocrx_word' id='word_1_188' title='bbox 1388 3298 1556 3364; x_wconf 89' lang='lat' dir='ltr'><strong>tenuem</strong></span> <span class='ocrx_word' id='word_1_189' title='bbox 1588 3277 1819 3364; x_wconf 87' lang='lat' dir='ltr'><strong>cellulosam</strong></span> 
     </span>
     <span class='ocr_line' id='line_1_22' title="bbox 262 3421 1817 3530; baseline -0.006 -18"><span class='ocrx_word' id='word_1_190' title='bbox 262 3423 405 3529; x_wconf 75' lang='lat' dir='ltr'><strong>iuncti</strong></span> <span class='ocrx_word' id='word_1_191' title='bbox 439 3423 551 3526; x_wconf 93' lang='lat' dir='ltr'><strong>sunt,</strong></span> <span class='ocrx_word' id='word_1_192' title='bbox 601 3449 718 3516; x_wconf 91' lang='lat' dir='ltr'><strong>non</strong></span> <span class='ocrx_word' id='word_1_193' title='bbox 734 3423 1057 3530; x_wconf 87' lang='lat' dir='ltr'><strong>conspiciantur;</strong></span> <span class='ocrx_word' id='word_1_194' title='bbox 1107 3442 1284 3508; x_wconf 89' lang='lat' dir='ltr'><strong>attamen</strong></span> <span class='ocrx_word' id='word_1_195' title='bbox 1313 3422 1362 3503; x_wconf 90' lang='lat' dir='ltr'><strong>ab</strong></span> <span class='ocrx_word' id='word_1_196' title='bbox 1399 3421 1512 3503; x_wconf 89' lang='lat' dir='ltr'><strong>hisce</strong></span> <span class='ocrx_word' id='word_1_197' title='bbox 1550 3441 1635 3500; x_wconf 91' lang='lat' dir='ltr'><strong>non</strong></span> <span class='ocrx_word' id='word_1_198' title='bbox 1664 3421 1817 3526; x_wconf 85' lang='lat' dir='ltr'><strong>posfint</strong></span> 
     </span>
     <span class='ocr_line' id='line_1_23' title="bbox 259 3558 1863 3682; baseline -0.005 -34"><span class='ocrx_word' id='word_1_199' title='bbox 259 3565 473 3672; x_wconf 86' lang='lat' dir='ltr'><strong>-separari;</strong></span> <span class='ocrx_word' id='word_1_200' title='bbox 499 3565 660 3650; x_wconf 76' lang='lat' dir='ltr'><strong>simulac</strong></span> <span class='ocrx_word' id='word_1_201' title='bbox 683 3589 785 3682; x_wconf 77' lang='lat' dir='ltr'><strong>uero</strong></span> <span class='ocrx_word' id='word_1_202' title='bbox 820 3567 921 3650; x_wconf 89' lang='lat' dir='ltr'><strong>haec</strong></span> <span class='ocrx_word' id='word_1_203' title='bbox 950 3567 1144 3672; x_wconf 89' lang='lat' dir='ltr'><strong>particula</strong></span> <span class='ocrx_word' id='word_1_204' title='bbox 1170 3587 1193 3644; x_wconf 90' lang='lat' dir='ltr'><strong>e</strong></span> <span class='ocrx_word' id='word_1_205' title='bbox 1217 3567 1374 3666; x_wconf 88' lang='lat' dir='ltr'><strong>liquore</strong></span> <span class='ocrx_word' id='word_1_206' title='bbox 1401 3558 1550 3644; x_wconf 90' lang='lat' dir='ltr'><strong>sublata</strong></span> <span class='ocrx_word' id='word_1_207' title='bbox 1572 3577 1635 3641; x_wconf 90' lang='lat' dir='ltr'><strong>est</strong></span> <span class='ocrx_word' id='word_1_208' title='bbox 1660 3577 1702 3640; x_wconf 86' lang='lat' dir='ltr'><strong>et</strong></span> <span class='ocrx_word' id='word_1_209' title='bbox 1725 3582 1822 3666; x_wconf 85' lang='lat' dir='ltr'><strong>pau·</strong></span> <span class='ocrx_word' id='word_1_210' title='bbox 1859 3609 1863 3616; x_wconf 90' lang='lat'>-</span> 
     </span>
     <span class='ocr_line' id='line_1_24' title="bbox 278 3697 1821 3820; baseline -0.005 -31"><span class='ocrx_word' id='word_1_211' title='bbox 278 3697 403 3790; x_wconf 87' lang='lat' dir='ltr'><strong>lulum</strong></span> <span class='ocrx_word' id='word_1_212' title='bbox 417 3707 533 3790; x_wconf 89' lang='lat' dir='ltr'><strong>srcca</strong></span> <span class='ocrx_word' id='word_1_213' title='bbox 565 3704 772 3809; x_wconf 90' lang='lat' dir='ltr'><strong>redditur,</strong></span> <span class='ocrx_word' id='word_1_214' title='bbox 815 3707 998 3814; x_wconf 79' lang='lat' dir='ltr'><strong>collapsas</strong></span> <span class='ocrx_word' id='word_1_215' title='bbox 1024 3707 1260 3792; x_wconf 76' lang='lat' dir='ltr'><strong>tenuissimis</strong></span> <span class='ocrx_word' id='word_1_216' title='bbox 1298 3707 1379 3812; x_wconf 88' lang='lat' dir='ltr'><strong>illis</strong></span> <span class='ocrx_word' id='word_1_217' title='bbox 1410 3702 1669 3820; x_wconf 75' lang='lat' dir='ltr'><strong>uasculorum</strong></span> <span class='ocrx_word' id='word_1_218' title='bbox 1706 3704 1821 3808; x_wconf 92' lang='lat' dir='ltr'><strong>peni-</strong></span> 
     </span>
     <span class='ocr_line' id='line_1_25' title="bbox 262 3843 1819 3957; baseline -0.004 -29"><span class='ocrx_word' id='word_1_219' title='bbox 262 3851 411 3952; x_wconf 84' lang='lat' dir='ltr'><strong>.cillis,·</strong></span> <span class='ocrx_word' id='word_1_220' title='bbox 447 3846 750 3954; x_wconf 87' lang='lat' dir='ltr'><strong>conspiciuntur</strong></span> <span class='ocrx_word' id='word_1_221' title='bbox 772 3849 870 3932; x_wconf 87' lang='lat' dir='ltr'><strong>haec</strong></span> <span class='ocrx_word' id='word_1_222' title='bbox 898 3855 1131 3956; x_wconf 88' lang='lat' dir='ltr'><strong>corpuscula</strong></span> <span class='ocrx_word' id='word_1_223' title='bbox 1159 3843 1414 3957; x_wconf 86' lang='lat' dir='ltr'><strong>glandulosa,</strong></span> <span class='ocrx_word' id='word_1_224' title='bbox 1443 3843 1505 3927; x_wconf 92' lang='lat' dir='ltr'><strong>uti</strong></span> <span class='ocrx_word' id='word_1_225' title='bbox 1528 3859 1641 3948; x_wconf 89' lang='lat' dir='ltr'><strong>patet</strong></span> <span class='ocrx_word' id='word_1_226' title='bbox 1662 3845 1706 3924; x_wconf 93' lang='lat' dir='ltr'><strong>in</strong></span> <span class='ocrx_word' id='word_1_227' title='bbox 1736 3846 1819 3924; x_wconf 88' lang='lat' dir='ltr'><strong>ico-</strong></span> 
     </span>
     <span class='ocr_line' id='line_1_26' title="bbox 258 3983 1822 4098; baseline 0 -32"><span class='ocrx_word' id='word_1_228' title='bbox 258 4009 333 4067; x_wconf 91' lang='lat' dir='ltr'><strong>.ne</strong></span> <span class='ocrx_word' id='word_1_229' title='bbox 378 3989 593 4093; x_wconf 89' lang='lat' dir='ltr'><strong>particulae</strong></span> <span class='ocrx_word' id='word_1_230' title='bbox 634 3985 752 4095; x_wconf 73' lang='lat' dir='ltr'><strong>huius</strong></span> <span class='ocrx_word' id='word_1_231' title='bbox 790 3994 973 4096; x_wconf 91' lang='lat' dir='ltr'><strong>tunicae,</strong></span> <span class='ocrx_word' id='word_1_232' title='bbox 1029 3995 1181 4098; x_wconf 90' lang='lat' dir='ltr'><strong>inqua</strong></span> <span class='ocrx_word' id='word_1_233' title='bbox 1219 3987 1425 4094; x_wconf 86' lang='lat' dir='ltr'><strong>objectum</strong></span> <span class='ocrx_word' id='word_1_234' title='bbox 1462 3983 1644 4096; x_wconf 83' lang='lat' dir='ltr'><strong>sexagies</strong></span> <span class='ocrx_word' id='word_1_235' title='bbox 1682 4004 1822 4088; x_wconf 88' lang='lat' dir='ltr'><strong>quater</strong></span> 
     </span>
     <span class='ocr_line' id='line_1_27' title="bbox 280 4125 1823 4243; baseline -0.003 -33"><span class='ocrx_word' id='word_1_236' title='bbox 280 4131 553 4236; x_wconf 87' lang='lat' dir='ltr'><strong>microscopio</strong></span> <span class='ocrx_word' id='word_1_237' title='bbox 569 4129 647 4236; x_wconf 82' lang='lat' dir='ltr'><strong>Ly</strong></span> <span class='ocrx_word' id='word_1_238' title='bbox 662 4154 689 4213; x_wconf 94' lang='grc' dir='ltr'>ο</span> <span class='ocrx_word' id='word_1_239' title='bbox 702 4155 731 4214; x_wconf 90' lang='grc' dir='ltr'><strong>ιι</strong></span> <span class='ocrx_word' id='word_1_240' title='bbox 745 4153 768 4213; x_wconf 89' lang='lat' dir='ltr'><strong>e</strong></span> <span class='ocrx_word' id='word_1_241' title='bbox 783 4135 885 4217; x_wconf 92' lang='lat' dir='ltr'><strong>ttii</strong></span> <span class='ocrx_word' id='word_1_242' title='bbox 904 4151 1064 4218; x_wconf 88' lang='lat' dir='ltr'><strong>auctum</strong></span> <span class='ocrx_word' id='word_1_243' title='bbox 1078 4128 1354 4243; x_wconf 86' lang='lat' dir='ltr'><strong>magnitudine</strong></span> <span class='ocrx_word' id='word_1_244' title='bbox 1375 4145 1448 4209; x_wconf 88' lang='lat' dir='ltr'><strong>est.</strong></span> <span class='ocrx_word' id='word_1_245' title='bbox 1481 4125 1823 4212; x_wconf 84' lang='lat' dir='ltr'><strong>Maximonunae-</strong></span> 
     </span>
     <span class='ocr_line' id='line_1_28' title="bbox 284 4267 1821 4379; baseline -0.001 -29"><span class='ocrx_word' id='word_1_246' title='bbox 284 4289 353 4374; x_wconf 87' lang='grc' dir='ltr'><strong>ιο,</strong></span> <span class='ocrx_word' id='word_1_247' title='bbox 375 4288 418 4352; x_wconf 90' lang='lat' dir='ltr'><strong>et</strong></span> <span class='ocrx_word' id='word_1_248' title='bbox 435 4269 709 4378; x_wconf 88' lang='lat' dir='ltr'><strong>magnitudine</strong></span> <span class='ocrx_word' id='word_1_249' title='bbox 725 4271 939 4356; x_wconf 89' lang='lat' dir='ltr'><strong>admodum</strong></span> <span class='ocrx_word' id='word_1_250' title='bbox 956 4272 1138 4379; x_wconf 86' lang='lat' dir='ltr'><strong>diversa,</strong></span> <span class='ocrx_word' id='word_1_251' title='bbox 1168 4270 1310 4357; x_wconf 89' lang='lat' dir='ltr'><strong>adsunt</strong></span> <span class='ocrx_word' id='word_1_252' title='bbox 1332 4271 1429 4352; x_wconf 89' lang='lat' dir='ltr'><strong>haec</strong></span> <span class='ocrx_word' id='word_1_253' title='bbox 1458 4267 1692 4373; x_wconf 86' lang='lat' dir='ltr'><strong>corpuscula</strong></span> <span class='ocrx_word' id='word_1_254' title='bbox 1713 4267 1821 4374; x_wconf 85' lang='lat' dir='ltr'><strong>glan-</strong></span> 
     </span>
     <span class='ocr_line' id='line_1_29' title="bbox 281 4405 1822 4525; baseline -0.001 -35"><span class='ocrx_word' id='word_1_255' title='bbox 281 4407 442 4525; x_wconf 91' lang='lat' dir='ltr'><strong>dulosa,</strong></span> <span class='ocrx_word' id='word_1_256' title='bbox 471 4413 569 4495; x_wconf 91' lang='lat' dir='ltr'><strong>licet</strong></span> <span class='ocrx_word' id='word_1_257' title='bbox 598 4405 817 4496; x_wconf 86' lang='lat' dir='ltr'><strong>fabricam</strong></span> <span class='ocrx_word' id='word_1_258' title='bbox 842 4413 1028 4498; x_wconf 77' lang='lat' dir='ltr'><strong>omnibus</strong></span> <span class='ocrx_word' id='word_1_259' title='bbox 1060 4412 1205 4498; x_wconf 89' lang='lat' dir='ltr'><strong>eadem</strong></span> <span class='ocrx_word' id='word_1_260' title='bbox 1231 4407 1563 4510; x_wconf 78' lang='lat' dir='ltr'><strong>videatu13sunt</strong></span> <span class='ocrx_word' id='word_1_261' title='bbox 1598 4409 1708 4490; x_wconf 90' lang='lat' dir='ltr'><strong>enim</strong></span> <span class='ocrx_word' id='word_1_262' title='bbox 1734 4431 1822 4515; x_wconf 92' lang='lat' dir='ltr'><strong>par·</strong></span> 
     </span>
     <span class='ocr_line' id='line_1_30' title="bbox 262 4547 1822 4658; baseline 0.003 -28"><span class='ocrx_word' id='word_1_263' title='bbox 262 4553 324 4633; x_wconf 41' lang='lat' dir='ltr'><strong>rvi</strong></span> <span class='ocrx_word' id='word_1_264' title='bbox 349 4547 550 4654; x_wconf 82' lang='lat' dir='ltr'><strong>folliculi,</strong></span> <span class='ocrx_word' id='word_1_265' title='bbox 592 4549 640 4634; x_wconf 89' lang='lat' dir='ltr'><strong>ad</strong></span> <span class='ocrx_word' id='word_1_266' title='bbox 669 4574 773 4658; x_wconf 83' lang='lat' dir='ltr'><strong>quos</strong></span> <span class='ocrx_word' id='word_1_267' title='bbox 806 4559 1014 4641; x_wconf 86' lang='lat' dir='ltr'><strong>arteriolae</strong></span> <span class='ocrx_word' id='word_1_268' title='bbox 1047 4559 1237 4641; x_wconf 86' lang='lat' dir='ltr'><strong>minimae</strong></span> <span class='ocrx_word' id='word_1_269' title='bbox 1282 4555 1528 4658; x_wconf 80' lang='lat' dir='ltr'><strong>perveniunt</strong></span> <span class='ocrx_word' id='word_1_270' title='bbox 1556 4567 1598 4632; x_wconf 86' lang='lat' dir='ltr'><strong>et</strong></span> <span class='ocrx_word' id='word_1_271' title='bbox 1626 4551 1822 4654; x_wconf 89' lang='lat' dir='ltr'><strong>liquorem</strong></span> 
     </span>
     <span class='ocr_line' id='line_1_31' title="bbox 283 4686 1823 4806; baseline -0.001 -33"><span class='ocrx_word' id='word_1_272' title='bbox 283 4689 516 4788; x_wconf 79' lang='lat' dir='ltr'><strong>arteriasunt</strong></span> <span class='ocrx_word' id='word_1_273' title='bbox 550 4691 724 4802; x_wconf 88' lang='lat' dir='ltr'><strong>ducunt,</strong></span> <span class='ocrx_word' id='word_1_274' title='bbox 778 4695 891 4804; x_wconf 83' lang='lat' dir='ltr'><strong>cujus</strong></span> <span class='ocrx_word' id='word_1_275' title='bbox 922 4702 1082 4783; x_wconf 90' lang='lat' dir='ltr'><strong>tenuior</strong></span> <span class='ocrx_word' id='word_1_276' title='bbox 1123 4719 1213 4806; x_wconf 87' lang='lat' dir='ltr'><strong>pars</strong></span> <span class='ocrx_word' id='word_1_277' title='bbox 1251 4715 1327 4804; x_wconf 89' lang='lat' dir='ltr'><strong>per</strong></span> <span class='ocrx_word' id='word_1_278' title='bbox 1365 4693 1537 4777; x_wconf 84' lang='lat' dir='ltr'><strong>exiliora</strong></span> <span class='ocrx_word' id='word_1_279' title='bbox 1579 4686 1823 4776; x_wconf 87' lang='lat' dir='ltr'><strong>resorbentia</strong></span> 
     </span>
    </p>
   </div>
   <div class='ocr_carea' id='block_1_5' title="bbox 0 0 2395 6324">
    <p class='ocr_par' dir='ltr' id='par_1_5' title="bbox 0 0 2395 6324">
     <span class='ocr_line' id='line_1_32' title="bbox 0 0 2395 6324; baseline 0 0"><span class='ocrx_word' id='word_1_280' title='bbox 0 0 2395 6324; x_wconf 95' lang='lat' dir='ltr'><strong> </strong></span> 
     </span>
    </p>
   </div>
  </div>
 </body>
</html>
