4728 6338
379 533 383 539 1
512 401 1030 496 F'aacttunua
1089 409 1485 524 Qvaaaut'.
1733 444 1784 526 9¹

651 961 1157 1090 unauna
1241 1003 1395 1094 xxm.

302 1412 901 1522 mammenus!
940 1425 1379 1518 SUPERFIOIES
1418 1432 1735 1524 ΙΝΤΕΚΝᾹ.

297 1857 426 2010 Hac
460 1911 596 1998 tabula
634 1910 734 1996 duae
770 1913 912 1996 icones
946 1933 1253 2021 proponuntur,
1291 1935 1392 2022 quae
1419 1936 1577 2024 paratae
1604 1920 1693 2006 sunt
1718 1923 1780 2006 se·

241 2059 417 2143 eundum
433 2055 683 2166 specimina,
712 2075 814 2160 quae
834 2053 1034 2138 Numeris
1061 2078 1135 2160 351
1162 2073 1205 2138 et
1229 2083 1250 2164 3
1258 2081 1323 2162 52.
1352 2054 1636 2164 descriptionis
1650 2061 1778 2148 musei

238 2205 365 2284 nostri
390 2217 528 2284 notata
556 2196 670 2300 sunt;
710 2214 877 2302 utraque
907 2193 1032 2301 ligura
1062 2197 1244 2284 eamdem
1285 2197 1451 2304 quidem
1481 2220 1634 2306 partem
1661 2207 1776 2296 exhi·

234 2346 333 2443 bet,
361 2339 432 2425 sed
467 2363 522 2424 ex
554 2338 818 2422 cadaveribus
849 2336 1030 2422 diversae
1061 2343 1199 2422 aetatis
1234 2338 1335 2422 haec
1370 2337 1590 2445 specimina
1624 2341 1778 2431 sumtae

234 2481 564 2580 luntanimirnm
594 2483 728 2563 minor
761 2499 814 2559 ex
842 2474 997 2564 infante
1026 2482 1148 2564 trium
1174 2503 1395 2584 annorum,
1415 2481 1543 2588 major
1565 2505 1617 2564 ex
1638 2483 1786 2572 adulto
1936 2557 1940 2564 .

231 2641 328 2731 post
352 2623 523 2708 limilem
554 2625 917 2730 praeparationem,
957 2624 1137 2728 impletis
1170 2626 1335 2708 materia
1372 2623 1488 2710 rubra
1523 2622 1775 2720 subtilialima

229 2767 424 2850 vasculis,

283 2905 452 3013 lniiguis
483 2907 552 2991 illa
583 2904 816 3013 diversatus,
854 2929 972 3012 quam
1003 2909 1268 3014 provectiore
1303 2921 1433 2989 aetate
1468 2902 1633 2992 subiisse
1666 2911 1770 2992 hanc

227 3061 388 3153 partem
411 3068 436 3128 a
459 3043 562 3130 statu
591 3050 715 3152 magis
740 3051 908 3132 naturali
932 3061 1068 3127 tenera
1100 3065 1229 3129 aetate
1254 3043 1491 3148 observavi,
1522 3065 1567 3130 et
1586 3046 1768 3140 nondum

226 3191 283 3272 ita
305 3203 486 3272 notamm
510 3189 677 3294 inveni,
706 3210 793 3274 non
816 3187 982 3295 indigna
1009 3187 1110 3273 mihi
1138 3185 1221 3272 visa
1256 3205 1342 3291 eat,
1379 3209 1485 3295 quae
1516 3190 1645 3274 oculis
1672 3213 1769 3306 pro·
1915 3273 1923 3282 ,

224 3345 463 3435 poneretur.

151 3529 155 3538 -
278 3469 496 3555 Minorem
520 3467 686 3577 liguram
714 3471 746 3556 sr
770 3475 1002 3576 intuemur,
1029 3486 1221 3578 apparet,
1251 3469 1356 3550 inter
1377 3466 1504 3556 finem
1527 3471 1615 3554 tubi
1641 3473 1762 3556 intes-

222 3613 358 3697 tinalis
387 3630 432 3693 et
460 3614 628 3718 primam
666 3611 754 3718 ejus
787 3633 968 3720 partem,
1011 3615 1071 3697 uti
1111 3629 1222 3694 recte
1257 3611 1417 3692 monuit
1458 3609 1764 3696 Soemmer·

223 3757 349 3862 ring
375 3748 458 3856 (1),
487 3775 669 3861 magnam
697 3755 1003 3842 srmilitudinem
1032 3750 1312 3850 intercederea
1341 3751 1404 3832 uti
1438 3749 1617 3835 enimin
1645 3748 1763 3856 oeso-

219 3893 340 4000 phagi
374 3892 647 4002 descriptione
675 3893 1059 3998 demonstravimus,
1099 3897 1228 4002 plicat
1262 3912 1335 3996 per
1367 3887 1660 3994 longitudinem
1691 3913 1759 3976 ea·

218 4037 322 4117 ualis
341 4033 628 4140 decurrentes,-
653 4053 701 4122 ut
720 4061 808 4143 para
823 4038 1066 4124 dilatationis
1089 4041 1134 4122 in
1156 4033 1319 4120 tranfitn
1339 4030 1523 4139 deglutiti
1542 4032 1626 4116 boli
1650 4031 1758 4124 esset

218 4193 370 4280 capax,
398 4192 443 4257 et
462 4177 618 4261 nullum
639 4180 733 4262 illae
757 4183 890 4288 plicae
915 4178 1162 4268 obstaculum
1180 4190 1415 4275 moverent,
1444 4169 1496 4256 ad
1519 4175 1633 4259 illum
1654 4195 1757 4290 ven-¹

218 4303 407 4420 tricolum
429 4315 568 4404 versus
592 4317 902 4430 depellendum
939 4324 994 4408 src
1026 4339 1072 4406 et
1098 4321 1143 4404 in
1172 4319 1257 4404 hoc·
1279 4317 1473 4400 intestino
1503 4332 1618 4398 recto
1648 4313 1756 4400 limi·

250 4587 310 4676 (r)
334 4589 436 4662 ocul.
457 4593 511 4666 Da
527 4598 670 4690 carpam
688 4597 953 4687 baasam,
974 4597 1075 4674 Tum.
1098 4596 1159 4672 Vl.
1182 4616 1218 4681 l·
1242 4613 1304 4680 aaa
1324 4602 1357 4658 ἅ
1378 4607 1455 4676 mr
