4764 6328
579 473 629 554 m
827 447 1143 535 lcouun
1199 442 1870 536 Anarourcanuu

571 675 662 778 piae
695 672 858 774 matris,
882 671 1005 754 etiam
1024 685 1194 774 pmpter
1224 667 1307 752 hoc
1332 666 1596 754 arctissimum
1617 670 1854 775 vinculum,
1883 674 1997 780 quod
2025 699 2118 762 cum

573 819 756 919 viscere,
785 817 854 898 cui
886 811 1121 922 prospicere
1151 809 1299 912 debet,
1328 810 1428 910 alit,
1454 807 1542 914 jure
1568 807 1640 894 suo
1667 815 1810 899 meteri
1844 813 2020 924 videtur.

629 957 901 1059 Icenorum,
930 956 1139 1055 minores,
1168 973 1270 1058 quae
1293 948 1342 1034 ad
1368 951 1470 1036 latus
1497 949 1786 1061 descriptarum
1813 957 1857 1038 in
1883 956 1956 1040 hac
1981 957 2113 1042 tabula

572 1098 661 1212 sunt
695 1103 853 1208 pictae,
891 1119 1009 1180 unam
1043 1094 1312 1198 amnemque„
1336 1111 1492 1202 partem
1527 1092 1646 1200 ipsius
1685 1093 1922 1181 substantiae
1955 1097 2112 1182 cerebri

574 1236 901 1344 repraesentant,
929 1259 1031 1344 quae
1063 1232 1214 1318 sttblata
1248 1251 1311 1318 est
1335 1255 1389 1320 ea
1410 1233 1606 1320 cadavere
1636 1235 1800 1341 juvenis
1835 1237 1960 1323 adulti
1995 1242 2114 1324 valde

570 1381 816 1488 pletborici,
860 1397 1073 1487 postquam
1113 1375 1350 1464 felicissimo
1392 1402 1487 1464 eum
1529 1374 1716 1462 successu
1761 1377 1853 1462 vasa
1889 1378 2113 1489 sanguifera

571 1523 687 1604 rubra
718 1524 885 1605 materia
916 1519 1170 1604 subtilissima
1203 1543 1373 1605 ceraceu
1398 1519 1529 1606 essent
1555 1522 1734 1628 impleta.

489 1673 492 1683 “
605 1665 701 1772 xUti
725 1683 857 1749 antem
890 1663 1045 1770 saepius
1076 1665 1121 1746 in
1145 1665 1459 1771 experimentis,
1504 1661 1556 1746 ad
1589 1661 1838 1748 subtiliorem
1871 1671 2111 1752 anatomiam

569 1804 836 1888 exercendam
865 1802 1081 1906 irtstimtis,
1111 1824 1300 1912 expertus
1336 1803 1449 1912 sum,
1482 1828 1566 1890 non
1591 1808 1647 1890 ita
1672 1811 1830 1910 aequali
1855 1805 1978 1889 modo
2008 1806 2111 1894 sern-

568 1971 643 2054 per
672 1967 752 2030 arte
773 1971 847 2054 per
871 1945 960 2031 vasa
986 1945 1162 2052 injectos
1195 1947 1384 2032 humores
1419 1946 1630 2051 distribui,
1661 1968 1779 2051 quam
1804 1963 1964 2032 natiuae
1991 1949 2110 2054 ipsius

566 2093 750 2192 viribus,
793 2084 864 2172 sed
898 2085 1073 2172 diversas
1109 2087 1320 2212 aliquando
1351 2087 1483 2172 causas
1512 2110 1749 2191 occurrere,
1790 2112 1893 2194 quae
1917 2111 2111 2176 eventum

568 2256 654 2320 non
683 2233 851 2315 omnino
878 2229 1073 2338 speratum
1105 2227 1355 2336 productust,
1375 2235 1460 2317 irno
1481 2235 1602 2316 etiam
1628 2253 1714 2316 non
1746 2255 1856 2334 ram,
1902 2234 2033 2316 irritus
2061 2254 2108 2316 ut

494 2425 497 2432 .
568 2389 710 2455 noster
738 2371 851 2456 labor
876 2371 950 2472 srt,
980 2372 1184 2474 efficiunt3
1214 2377 1269 2456 ita
1299 2358 1460 2479 quoque
1494 2377 1538 2456 in
1571 2375 1651 2458 hoc
1680 2377 1984 2481 experimento,
2026 2399 2109 2479 quo

573 2522 711 2600 omnia
753 2515 910 2598 cerebri
947 2511 1038 2598 vasa
1073 2509 1287 2601 artificiose
1321 2519 1478 2622 replere
1508 2517 1551 2600 in
1585 2518 1718 2600 animo
1752 2516 1898 2618 habui,
1934 2516 2108 2617 accidit,

435 2657 437 2663 “
568 2677 615 2740 ιιι
642 2653 727 2738 sere
759 2656 866 2740 nulla
899 2657 1024 2738 totins
1056 2657 1226 2740 visceris
1265 2682 1355 2762 pars
1391 2676 1484 2763 apte
1525 2661 1692 2762 impleta
1723 2657 1812 2740 vasa
1850 2655 2107 2760 monstraret,

566 2819 724 2905 praeter
754 2798 885 2900 hanc,
922 2821 1040 2902 qnam
1080 2801 1219 2884 inveni
1258 2798 1308 2882 ad
1344 2798 1474 2884 dextri
1505 2797 1785 2904 haemispberii
1820 2817 2026 2882 externam
2051 2795 2110 2879 su-

566 2943 770 3045 periorem
799 2935 972 3024 mediam
1000 2957 1181 3047 partem
1223 2965 1326 3048 quae
1366 2958 1498 3026 atatem
1534 2939 1602 3026 sua
1641 2938 1945 3048 pulchritudine
1980 2963 2110 3026 meam

550 3084 832 3165 attentionem
857 3082 912 3164 ita
940 3079 990 3164 ad
1016 3079 1229 3187 setraxit,
1272 3102 1321 3167 ut
1354 3107 1453 3170 mox
1487 3106 1629 3168 eama
1667 3084 1819 3188 reliqua
1852 3097 1965 3188 parte
2000 3077 2109 3184 sepa-

566 3241 690 3306 ratam
726 3225 770 3305 in
805 3224 1005 3328 liquorem
1039 3241 1179 3328 apttrm
1214 3223 1475 3332 immiserim,
1524 3249 1607 3332 quo
1651 3221 1792 3327 facto,
1829 3241 1872 3305 et
1907 3245 2109 3331 compara-

568 3371 682 3448 tione
714 3361 891 3448 instituta
916 3365 1035 3472 hujus
1062 3364 1294 3472 speciminis
1333 3392 1429 3454 cnm
1455 3370 1634 3472 ceteris,
1665 3387 1767 3472 quae
1797 3363 2020 3467 habebam,
2049 3366 2108 3446 vi-

566 3504 636 3610 di,
672 3525 759 3588 earn
795 3506 998 3588 excellere
1031 3526 1151 3612 atque
1180 3505 1341 3617 dignam
1370 3509 1482 3614 esse,
1512 3531 1612 3615 quae
1645 3509 1693 3590 ab
1720 3509 1834 3590 omni
1860 3523 2003 3611 parte,
2032 3531 2109 3611 qua

565 3646 607 3730 se
633 3651 677 3732 in
701 3651 860 3752 liquore
885 3645 1102 3755 monstrat,
1136 3649 1420 3738 delineatamr.
1559 3685 1565 3698 ·

579 3899 587 3906 .
620 3791 668 3874 In
692 3794 814 3874 tertia
850 3785 1001 3896 figura,
1042 3815 1145 3895 quae
1176 3793 1411 3879 inferiorem
1444 3797 1583 3877 locum
1610 3807 1809 3898 occupat,
1837 3806 2000 3896 apparet
2019 3787 2108 3871 sub-

563 3932 705 4017 stantia
734 3930 883 4038 duplex
915 3930 1093 4037 discissa,
1125 3933 1240 4037 cajus
1281 3955 1447 4028 extensa
1466 3935 1668 4018 corticalis
1692 3949 1777 4014 tota
1797 3927 2023 4036 plenissima
2044 3945 2106 4010 est

564 4267 694 4318 roncum
717 4250 940 4320 inflammatum
957 4258 1152 4326 musculares
1172 4257 1396 4327 intestinorum
1418 4257 1514 4325 libras
1540 4259 1591 4324 vel
1616 4255 1752 4322 tunicam
1773 4251 1931 4320 mucosum
1951 4269 2018 4319 non
2035 4251 2110 4318 sem·

563 4387 620 4452 per
642 4367 675 4436 in
698 4366 787 4436 snum
813 4373 929 4439 malum
950 4373 1134 4458 trahit,·fic
1157 4375 1378 4463 inpositurn,
1402 4379 1499 4462 hepar
1526 4366 1748 4451 incestitatis,
1768 4368 2033 4448 inflammatione,
2054 4367 2108 4432 hc·

561 4483 644 4566 lmis
657 4481 722 4568 Ψ
744 4484 899 4556 firmum
924 4489 1045 4577 integra
1064 4508 1180 4563 manet.
1207 4495 1309 4565 conf.
1334 4494 1466 4575 Obsrm.
1488 4490 1594 4558 Anat.
1615 4487 1748 4558 Parasi.
1769 4501 1800 4553 rt
1826 4485 1972 4554 Practio.
1996 4483 2107 4569 Argu-

560 4605 661 4669 merm'
674 4619 755 4694 pag.
778 4609 845 4692 2⁸3
867 4607 1007 4692 quadiu
1031 4606 1103 4694 piae
1123 4609 1231 4678 matris
1250 4609 1493 4680 inflammatione
1514 4604 1717 4687 vehementi,
1738 4617 1776 4669 ut
1803 4615 1879 4685 pote
1909 4617 1989 4684 quae
2015 4617 2111 4662 mem·

565 4717 659 4786 brana
687 4723 790 4788 multo
820 4721 953 4792 arctiore
988 4723 1118 4794 uinculo
1148 4743 1220 4792 cum
1251 4727 1315 4816 ipsa
1354 4727 1522 4798 substantia
1550 4722 1669 4792 cerebri
1700 4717 1866 4806 jungitur,
1881 4733 1966 4783 non
1991 4713 2109 4800 poterit

564 4835 821 4912 mmmm
