4764 6328
473 441 1509 577 ''Eiscnrciinuss'icui-nus.
1721 479 1776 574 49

231 647 373 766 habim
403 679 540 766 ubivis
567 679 653 766 sere
688 681 862 784 aequalis
893 691 977 778 est,
1009 695 1206 777 attamen,
1248 675 1276 760 si
1307 675 1444 782 maiori
1479 696 1571 759 cuia
1596 697 1692 762 earn
1719 699 1774 758 ra·

234 824 351 906 tione
391 825 556 906 intimae
590 819 762 906 fabricae
800 819 1134 922 contemplamur,
1179 840 1261 899 nori
1294 821 1429 924 inepta
1461 801 1585 902 nobis
1611 797 1774 903 videtur

235 961 324 1066 ejus
346 959 589 1065 subdivifio,
618 985 735 1067 quam
764 954 910 1041 deinde
937 955 1121 1061 plerique
1149 957 1382 1064 Physiologi
1411 978 1701 1062 memorarunt,
1729 963 1772 1042 iri

233 1096 479 1203 menum,
499 1096 686 1202 jejunum
704 1117 747 1184 et
769 1093 910 1191 ileum3
940 1119 1139 1203 quamque
1171 1120 1254 1181 noir
1291 1100 1546 1206 rejiciendam
1583 1099 1693 1202 esse,
1723 1091 1791 1182 eit‘

233 1245 577 1348 contemplatione
608 1240 851 1328 diversarum
871 1242 996 1324 totius
1013 1242 1160 1323 canalis
1187 1243 1387 1348 partium,
1416 1241 1507 1324 satis
1532 1245 1634 1323 clare
1661 1253 1772 1346 paie-

233 1385 320 1485 bit;
336 1398 380 1465 et
394 1385 449 1464 ita
459 1403 622 1488 quoque
635 1381 851 1466 subdivisio
864 1381 1049 1464 intestini
1067 1379 1206 1484 crassi,
1222 1384 1772 1482 recentioribusmemoiata,

232 1547 319 1609 non
344 1545 479 1607 carere
511 1521 773 1608 fundamento
798 1524 916 1605 nobis
941 1519 1104 1604 videtur
1127 1521 1168 1602 in
1201 1541 1375 1620 coecum,
1403 1517 1506 1602 colon
1538 1542 1581 1604 et
1608 1535 1771 1602 rectum.

234 1665 404 1749 Animus
432 1679 497 1747 est
532 1663 784 1748 examinandi
816 1665 1027 1746 nonnullas
1057 1665 1206 1746 caralis
1232 1664 1515 1748 intestinorum
1550 1685 1682 1770 partes
1709 1685 1790 1746 ac-·

232 1807 433 1909 citratius,
475 1821 520 1887 et
550 1809 605 1892 ni¹
629 1785 774 1910 fallor,
812 1825 864 1885 ex
900 1804 1064 1885 iconum
1102 1801 1152 1884 ad
1190 1825 1254 1886 eas
1290 1800 1483 1888 factarum
1518 1801 1770 1908 inspectione

233 1944 415 2052 patebit,
445 1945 628 2029 intimam
652 1944 846 2030 fabricam
883 1966 1017 2027 earum
1049 1941 1267 2030 admodum
1291 1944 1486 2030 diversam
1512 1943 1616 2047 esse,
1648 1951 1701 2030 ita
1725 1935 1787 2028 iit'

231 2067 407 2192 singulae
447 2084 610 2172 diverso
647 2084 778 2172 modo
803 2105 964 2174 naturae
997 2083 1273 2191 sapientissimi
1310 2086 1502 2170 Auctoris
1537 2082 1660 2191 scopo
1708 2113 1769 2170 ic·

234 2222 430 2334 spondere
454 2219 622 2333 posiliit.
677 2227 728 2313 In
749 2229 815 2310 illa
840 2231 948 2310 enirn
974 2244 1110 2334 parte,
1139 2251 1241 2335 quae
1271 2231 1436 2316 nomine
1469 2231 1647 2311 intestini
1671 2227 1785 2312 duo-¹

235 2365 331 2450 deni
369 2370 513 2471 venit,
568 2367 674 2452 solet
711 2369 913 2453 contineri
956 2371 1046 2473 puls
1080 2370 1264 2472 crassior,
1303 2371 1502 2473 thymus,
1554 2371 1595 2450 iii
1632 2367 1771 2474 jejuno

233 2505 372 2592 adesse
405 2506 511 2591 solet
533 2512 695 2594 tenuior
720 2512 873 2592 lacteus
904 2511 1068 2614 humor,
1098 2534 1220 2616 quem
1241 2513 1408 2615 chylnm
1428 2533 1646 2614 vocamur,
1677 2509 1772 2594 durn

232 2656 278 2734 in
303 2651 386 2733 ileo
411 2647 526 2734 dicto
549 2649 631 2756 iani
657 2671 797 2758 magra
831 2653 948 2756 copia
982 2656 1194 2737 lactearum
1219 2653 1416 2758 partium,
1451 2673 1553 2755 qnae
1585 2651 1771 2736 vasorum

231 2787 530 2874 absorbentium
561 2794 724 2875 actione
762 2779 932 2876 sublatae
970 2791 1086 2897 sunt,
1129 2791 1287 2896 deficit,
1332 2809 1374 2875 ct
1396 2807 1596 2892 ,contenta
1623 2796 1666 2874 in
1696 2795 1783 2914 lire·

229 2935 412 3024 intestini
451 2935 586 3016 tenuis
621 2953 732 3039 parte
771 2935 851 3040 jani
890 2937 1022 3018 rninus
1054 2934 1178 3020 fluida
1212 2932 1296 3016 esse
1326 2929 1455 3014 solent
1494 2949 1538 3013 et
1573 2930 1782 3039 incipienss

230 3077 283 3156 tis
310 3071 533 3178 putredinis
569 3074 677 3180 figna
707 3072 845 3158 secum
875 3073 1032 3177 ferunt3
1072 3076 1166 3160 inde
1195 3094 1326 3160 tutum
1365 3075 1481 3158 nobis
1508 3073 1669 3158 videtur
1696 3053 1783 3159 iia-¹

230 3233 368 3317 tuere,
392 3211 627 3300 duodenum
656 3220 709 3300 ita
736 3211 969 3300 fabricatum
1001 3216 1117 3322 esse,
1156 3237 1202 3302 ut
1227 3220 1318 3323 puls
1347 3217 1414 3299 illa
1438 3214 1625 3318 crassior,
1655 3201 1776 3318 quain'

230 3381 252 3438 a
284 3359 509 3442 ventriculo
542 3359 728 3464 accepit,
762 3357 1006 3460 aliquamdiu
1032 3363 1075 3442 in
1109 3383 1160 3442 eo
1197 3359 1318 3463 possit
1346 3360 1515 3461 motari,
1546 3354 1676 3437 donec
1710 3354 1767 3437 af·
1800 3433 1802 3442 s

227 3497 326 3584 fusis
355 3500 575 3606 liquoribus
614 3497 869 3605 necessariis,
900 3499 1025 3584 succo
1062 3503 1344 3607 pancreatic0‚
1374 3499 1486 3599 bile,
1517 3514 1559 3578 et
1585 3499 1777 3578 enterico'

228 3637 379 3722 dilutus
408 3655 450 3720 et
475 3655 649 3724 muutus
678 3642 722 3724 in
757 3640 921 3745 chylum
945 3642 1020 3746 sit,
1061 3646 1203 3748 quiin
1233 3637 1399 3744 jejuno,
1433 3633 1653 3742 praesentia
1685 3642 1766 3718 vil-

226 3780 408 3862 vularum
441 3779 698 3886 plurimarum
733 3800 774 3863 et
809 3781 993 3868 vasorum
1018 3783 1261 3883 lactentum,
1288 3801 1358 3886 pei
1393 3798 1556 3858 oninem
1593 3776 1679 3880 ejus
1706 3775 1773 3859 sui
1863 3879 1867 3886 ῃ

231 3917 439 4026 perficiem
453 3915 711 4022 diffusorum,
734 3924 835 4030 larga
852 3928 972 4032 copia
994 3923 1197 4007 absorberi
1215 3919 1361 4026 possit,
1393 3915 1487 4000 duni
1507 3919 1551 3998 iii
1573 3919 1653 3999 ileo
1681 3943 1764 3998 non

232 4077 380 4142 tantam
415 4083 565 4144 moram
597 4063 680 4167 pati
706 4059 855 4148 debent
888 4083 1046 4173 partes,
1076 4069 1246 4171 quaein
1275 4059 1530 4168 putredinem
1571 4081 1741 4166 vergunt
1752 4069 1772 4162 ,'

230 4197 405 4305 ideoque
436 4205 478 4284 in
506 4203 695 4285 interiore
726 4203 813 4320 ejus
849 4203 1057 4315 superficie
1086 4210 1300 4314 ¹valeniae,
1330 4223 1482 4284 morani
1505 4202 1548 4281 iii
1574 4203 1771 4304 prioribus

228 4341 405 4444 partibus
419 4359 641 4446 ponentes,
658 4341 801 4429 sensim
815 4351 1051 4431 minuuntur
1074 4345 1310 4449 tandemque
1325 4344 1485 4448 penitus
1502 4365 1759 4426 evanescunt.

288 4481 342 4564 Si'
364 4487 486 4566 etiam
527 4490 652 4569 totius
678 4484 766 4572 tubi
796 4492 1081 4574 intestinorum
1114 4505 1247 4595 partes
1279 4487 1434 4566 ratione
1465 4478 1681 4564 subtilioris
1709 4481 1764 4564 fa-

228 4625 361 4710 bricae
403 4629 743 4734 contemplamur,
767 4634 948 4736 patebit,
986 4656 1051 4715 eas
1085 4652 1225 4716 omnes
1248 4626 1350 4710 vasis
1386 4621 1609 4722 nrteiiosrs,
1640 4647 1763 4703 veno·
1834 4609 1836 4618 ’

226 4765 300 4866 sis,
335 4765 551 4871 lacteisque
587 4767 757 4874 iisdem,
796 4768 1015 4890 iisdemque
1043 4772 1212 4874 tunicis,
1240 4787 1341 4872 quae
1371 4786 1512 4846 omncs
1540 4761 1655 4846 sirnili
1685 4767 1768 4848 tela'

1504 4931 1527 5011 7
