4728 6338
514 387 519 396 ’
613 445 672 530 n
858 415 1175 506 leonum
1240 415 1915 506 Auurourcunuu

1004 1046 1526 1136 tanuen
1613 1043 1767 1136 xvlll.

774 1611 961 1713 ALIA
1004 1611 1301 1704 pullulo
1339 1612 1429 1700 IN
1441 1613 1768 1702 TESTINI
1807 1613 2001 1704 lm.

667 2123 804 2274 Ara
834 2183 987 2269 ratione
1017 2182 1119 2268 hanc
1149 2186 1381 2289 portionem
1413 2187 1595 2271 intestini
1622 2189 1690 2270 ilei
1719 2211 1771 2269 ex
1799 2185 1992 2270 cadavere
2015 2184 2141 2268 homi·

606 2331 670 2412 nis
708 2325 981 2412 adolescentis
1007 2323 1156 2410 summa
1195 2347 1290 2409 cum
1326 2348 1428 2408 cura-
1448 2329 1698 2432 praeparavi,
1731 2349 1826 2410 eum
1856 2329 1898 2408 in
1923 2323 2072 2426 finem,
2100 2342 2142 2404 ιιι

463 2568 492 2578 „.
582 2491 706 2552 ,vern
731 2471 870 2551 intima
900 2466 1096 2552 structura
1129 2465 1221 2550 satis
1257 2469 1361 2549 clare
1390 2465 1611 2572 patefieret.

664 2611 861 2694 Intestina
903 2609 1017 2692 enim
1050 2612 1093 2692 in
1129 2606 1210 2690 hoc
1261 2605 1456 2690 cadavere
1499 2611 1599 2693 nrihi
1642 2608 1880 2692 videbantur
1920 2605 2138 2705 sanissima,

608 2766 850 2854 quapropter
875 2749 1154 2857 impletionem
1180 2751 1408 2834 arteriarum
1438 2750 1560 2832 rubra·
1579 2755 1746 2834 materia
1779 2773 1970 2834 venarum
2006 2770 2140 2830 coeru-

606 2891 680 2974 l'eo·
702 2891 916 2997 diligenter
954 2894 1115 2997 peregi,
1145 2914 1227 2996 quo
1254 2888 1388 2992 facto,
1430 2895 1580 2976 extima
1607 2889 1844 2997 superficies
1877 2894 1963 2976 vivi
1997 2887 2138 2971 saniss-

605 3036 674 3115 mi
697 3037 879 3116 intestini
917 3029 1064 3114 faciem
1111 3030 1387 3134 monstrabat,
1427 3032 1627 3138 hujusque
1674 3035 1905 3141 portionem
1948 3036 2139 3134 integram

607 3179 728 3258 etiam
758 3173 902 3274 serv03
932 3177 1095 3256 alteram
1127 3196 1228 3257 vero
1262 3177 1494 3280 portionem
1529 3171 1710 3258 sectione
1738 3196 1814 3281 per
1852 3167 2141 3282 longitudinem

606 3318 765 3418 aperui,
796 3331 839 3396 et
865 3315 919 3397 src
946 3317 1180 3396 interiorem
1211 3311 1460 3418 superficiem
1492 3319 1789 3422 contemplatus
1812 3311 1921 3415 sum,
1948 3332 2051 3417 quae
2075 3313 2136 3394 iti·

606 3451 699 3538 dem
723 3463 852 3542 omnis
883 3443 1120 3540 substantiae
1147 3461 1332 3559 tunicae,
1357 3458 1411 3542 src
1436 3456 1570 3540 dictae
1599 3455 1788 3559 villosae,
1813 3453 2043 3538 feliclafime
2071 3454 2138 3534 im·

604 3596 807 3699 pletorum
834 3601 1093 3682 minimorum
1124 3599 1381 3682 vasculorum
1407 3600 1671 3706 praesentiam
1697 3599 1870 3696 obtulit;
1911 3599 2000 3680 villi
2040 3615 2137 3676 vero

603 3758 689 3817 non
711 3755 792 3821 tam
825 3742 1098 3846 prominentes
1125 3738 1239 3843 sunt,
1266 3763 1384 3844 quam
1411 3744 1454 3822 in
1489 3737 1629 3823 eadem
1654 3739 1772 3846 huius
1804 3739 1978 3820 nominis
2002 3737 2135 3817 tunica

605 3878 786 3960 intestini
820 3877 1022 3972 duodeni,
1071 3901 1137 3966 aut
1174 3880 1331 3988 jejuni,
1386 3887 1526 3969 intima
1562 3884 1820 3984 membrana,
1857 3877 1927 3961 sed
1959 3875 2137 3960 obnrsarn

603 4015 900 4122 quodammodo
926 4019 1093 4127 figuram
1116 4025 1296 4127 habent,
1326 4027 1463 4129 quales
1490 4030 1534 4108 in
1556 4023 1756 4130 superiore
1777 4040 1888 4128 parte
1909 4019 2027 4126 hujus
2053 4023 2134 4102 ico-

604 4165 667 4239 nis
704 4177 920 4263 apparent,
965 4182 1067 4262 quae
1104 4164 1256 4268 integra
1295 4182 1336 4247 et
1374 4189 1466 4250 cum
1506 4167 1684 4273 subjecta
1727 4163 1939 4251 vasculoso
1990 4185 2132 4251 nervea

603 4297 820 4380 cohaerens
850 4300 990 4382 relicta
1015 4318 1093 4384 est.
1147 4304 1368 4392 Dimidiam
1398 4332 1519 4415 porro
1550 4307 1636 4414 eius
1661 4325 1815 4414 partem
1843 4306 1893 4388 ab
1928 4307 2003 4388 hae
2027 4315 2133 4410 'ptu-

605 4433 749 4518 denter
775 4434 978 4544 separavi,
1034 4444 1090 4525 ita
1118 4463 1164 4528 ut
1190 4443 1291 4531 haec
1327 4454 1464 4557 portio
1496 4449 1686 4534 inferiora
1714 4450 1851 4534 versus
1884 4445 2032 4532 reflexa
2066 4434 2133 4528 de

603 4575 800 4683 pendeat3
830 4585 874 4670 iu
903 4581 1021 4694 hujus
1046 4608 1147 4674 vero
1176 4593 1317 4679 intima
1343 4590 1472 4699 facie,
1503 4615 1607 4702 quae
1634 4613 1728 4678 cum
1754 4569 2144 4684 vasculoso'uervea,
