4764 6328
610 475 662 554 24
843 449 1019 534 leonem
1056 447 1423 530 Ana-romerium
1457 436 1722 531 asseremus
1751 444 1926 531 Pataros.

607 670 720 775 cujus
752 671 895 753 lamina
925 685 1093 752 externa
1127 665 1279 751 sublata
1309 684 1394 766 est,
1427 665 1632 748 vasculosa
1679 665 1869 772 quidem,
1913 654 1984 752 sed
2023 677 2147 756 talem

607 813 858 891 vasculorum
887 806 1214 891 distributionem
1237 825 1278 888 et
1298 806 1473 888 habitum
1497 809 1655 911 praese
1684 806 1841 914 ferens,
1872 829 1917 894 ut
1945 812 1994 894 ad
2013 837 2143 897 mem-

605 955 744 1032 branas
780 947 925 1032 serosas
956 953 1161 1054 pertinere
1187 945 1382 1033 videatur.
1422 947 1612 1030 Exterior
1644 972 1806 1054 quoque
1836 975 1924 1056 pars
1964 961 2144 1038 cavitatis

606 1093 757 1170 narium
785 1088 961 1171 sinistrae
985 1086 1136 1170 resecta
1169 1105 1258 1190 est,
1287 1106 1329 1169 et
1358 1084 1528 1172 inferior
1553 1091 1805 1171 membranae
1833 1091 2042 1175 Schnei
2059 1094 2140 1176 de-

606 1236 794 1313 rianae
833 1253 943 1334 pars,
988 1254 1089 1332 quae
1127 1227 1297 1311 fundum
1324 1233 1502 1311 cavitatis
1537 1233 1690 1311 narium
1718 1247 1760 1310 et
1791 1234 2036 1316 exteriorem
2073 1261 2143 1341 pa-

563 1415 565 1422 ·
607 1375 753 1454 rietem
781 1373 966 1469 investit,
1005 1367 1172 1451 dissecta
1204 1392 1250 1450 et
1282 1366 1474 1451 inferiora
1512 1369 1650 1452 versus
1686 1374 1879 1454 reclinata
1918 1395 2001 1474 est,
2044 1395 2137 1460 ante

606 1535 760 1593 antrum
783 1511 853 1594 Hi
869 1534 928 1615 gc
943 1511 968 1591 h
984 1535 1023 1592 rn
1039 1535 1064 1591 ο
1080 1517 1123 1593 ri
1153 1509 1399 1593 descendens
1419 1508 1662 1615 conspicitur
1685 1508 1827 1594 ductus
1851 1513 2013 1615 nasalis,
2043 1515 2143 1600 dum

606 1655 769 1734 ulterius
804 1652 857 1734 src
890 1653 993 1732 clare
1026 1653 1069 1730 in
1106 1649 1373 1755 conspectum
1412 1648 1529 1730 ducta
1568 1668 1629 1730 est
1664 1651 1852 1755 expansio
1890 1658 2141 1740 membranae
2176 1699 2181 1708 ·

607 1797 753 1877 Schn
767 1819 790 1874 e
806 1796 818 1874 i
834 1791 860 1874 d
875 1815 897 1872 e
912 1819 931 1874 r
945 1798 957 1874 i
972 1816 993 1872 a
1008 1817 1035 1872 n
1050 1813 1069 1871 a
1084 1794 1130 1894 e,
1164 1790 1280 1898 septo
1312 1793 1467 1874 narium
1496 1787 1742 1895 adhaerens,
1773 1792 1886 1897 ctrjus
1921 1791 2137 1897 structura,

604 1936 881 2016 amembranis
910 1931 1049 2014 serosrs
1069 1929 1556 2036 etcellnlosrs‚fungosa,
1572 1934 1739 2016 vasculis
1761 1954 1807 2017 et
1834 1931 2029 2040 folliculis
2056 1963 2140 2022 mu·

602 2079 703 2158 cosrs
735 2073 946 2174 ditissima,
974 2071 1129 2154 diversa
1162 2093 1349 2181 apparet,
1379 2071 1450 2155 sub
1487 2075 1630 2176 quibus
1672 2077 1845 2156 vasculis
1875 2092 1918 2156 et
1945 2076 2136 2180 glandulis

602 2215 888 2311 nervulorum,
916 2208 1080 2296 olfactui
1108 2212 1433 2315 inservientium,
1458 2214 1685 2298 tenuisfima
1705 2216 1897 2322 expansio
1926 2219 2134 2304 recondita

604 2377 676 2437 est.
692 2355 822 2436 Haec
850 2354 1079 2436 membrana
1112 2361 1259 2438 merito
1287 2357 1475 2439 distincta
1503 2379 1525 2436 a
1551 2356 1686 2438 serosrs
1712 2359 1882 2440 habetur
1910 2378 1952 2442 et
1977 2359 2137 2442 mucosa

604 2499 847 2602 appellatur,
904 2499 1096 2601 quoniam
1128 2502 1301 2580 maxime
1336 2503 1530 2581 convenit
1568 2522 1661 2580 cum
1688 2500 1831 2602 simili,
1891 2522 1990 2604 quae
2018 2507 2139 2584 inter·

603 2663 694 2722 nam
730 2660 893 2744 asperae
925 2643 1091 2722 arteriae
1125 2637 1382 2745 superficiem
1416 2642 1623 2737 terminat,
1675 2641 1889 2722 imovero
1929 2646 2138 2726 tenerrima

604 2799 664 2861 est
684 2797 726 2862 et
739 2783 866 2863 multo
890 2783 1050 2863 tenuior
1071 2776 1418 2878 subtilisfimorum
1440 2781 1693 2862 vasculorum
1713 2777 1995 2887 multitudine,
2023 2783 2139 2888 quam

602 2921 764 3005 mucosa
786 2943 947 3027 asperae
975 2927 1160 3025 arteriae,
1176 2938 1244 3006 aut
1257 2921 1535 3003 bronchiarurn
1552 2982 1565 3022 ,
1581 2917 1690 3006 unde
1713 2921 1840 3001 multo
1867 2925 1991 3029 magis
2010 2929 2133 3008 etiam

603 3063 911 3167 hacmonhagiis
944 3082 1008 3144 est
1038 3062 1241 3163 obnoxia,
1281 3086 1398 3168 quam
1425 3063 1548 3160 haec;
1586 3066 1715 3144 multo
1746 3064 1868 3168 magis
1904 3068 2024 3148 etiam
2062 3065 2139 3150 dif-

604 3200 683 3284 fert
712 3225 797 3283 non
820 3220 974 3284 tantum
993 3205 1041 3283 ab
1068 3206 1155 3284 aliis
1182 3207 1363 3308 corporis
1396 3188 1633 3284 membranis
1661 3197 1825 3306 serosrs‚
1863 3200 2036 3310 librosrs,
2074 3228 2138 3288 aut

601 3343 832 3446 cellulosrs,
889 3348 1209 3446 verumetiam,
1261 3345 1290 3426 sr
1327 3344 1506 3425 habitum
1547 3341 1662 3446 huius
1697 3343 1949 3424 membranae
1989 3349 2137 3429 narium

601 3488 784 3566 internae
815 3485 1054 3591 diligentius
1078 3487 1313 3587 intuemur,
1357 3489 1572 3590 praecipue
1612 3484 1764 3562 ratione
1803 3485 2137 3566 convolutionum

601 3627 857 3709 vasculorum
891 3627 1169 3729 minimorum,
1202 3628 1378 3731 patebit,
1410 3648 1524 3726 eam,
1548 3641 1827 3726 praeterquam
1853 3621 1964 3727 quod
1994 3649 2134 3708 verum

608 3791 796 3870 organum
819 3766 994 3853 olfactus
1033 3766 1266 3870 constituit,
1296 3769 1416 3848 etiam
1448 3789 1540 3847 curn
1563 3768 1798 3868 pulmonum
1835 3779 2020 3869 apparatu
2047 3788 2132 3848 vas·

550 4001 557 4016 ·
606 3905 744 3985 culoso
770 3911 948 3988 multum
986 3910 1239 4009 convenire3
1287 3907 1395 3990 unde
1431 3905 1537 3987 forte
1578 3928 1662 3986 non
1700 3906 1917 4010 incongrua
1951 3909 2051 3990 mihi
2076 3910 2135 3989 vi-

604 4045 720 4124 detur
747 4050 916 4148 opini0‚
963 4071 1041 4148 qua
1075 4045 1244 4127 statuere
1274 4047 1390 4152 posse
1416 4047 1649 4146 videamur,
1701 4047 1744 4124 in
1770 4042 2028 4150 respiratione
2057 4045 2137 4150 jarn

605 4185 674 4262 laic
702 4184 785 4261 loci
821 4182 1010 4262 inchoare
1037 4189 1239 4266 actionem
1270 4191 1372 4269 airis
1399 4193 1440 4270 in
1474 4189 1731 4292 «impunem,
1762 4202 1805 4264 et
1829 4188 2135 4268 continuatione

607 4321 727 4424 mjns
758 4323 1009 4403 membranae
1041 4324 1261 4426 procedere
1283 4351 1357 4433 per
1383 4350 1558 4434 asperam
1585 4329 1765 4409 arteriam
1790 4323 1838 4405 ad
1867 4329 2023 4406 canales
2049 4329 2135 4430 pul·
2213 4421 2216 4426 ¹

606 4485 772 4543 omnum
813 4461 1029 4565 a'e'riseros,
1059 4466 1100 4544 in
1137 4465 1453 4567 quibussrmilis
1483 4468 1676 4554 structura
1707 4487 1752 4550 et
1775 4463 1956 4550 vasorum
1983 4463 2135 4578 sangui·
2202 4569 2213 4586 Ο

605 4602 788 4700 scrotum
818 4603 1024 4717 dispositio
1060 4604 1182 4698 adest.
1690 4604 1696 4614 '
