4764 6328
530 432 1111 523 ·Fascrcotaa
1168 429 1563 518 Paratae..
1768 460 1814 534 ι,ι

703 938 1221 1024 ¹TAB'ULA
1305 936 1381 1022 IV.

378 1329 494 1420 nra
536 1327 767 1420 araneo
808 1335 903 1421 nn
933 1309 1347 1420 cenomanni
1396 1327 1703 1417 annnam.

325 1739 525 1904 Figurae
561 1802 740 1900 quinque
777 1797 844 1878 hic
874 1796 1091 1897 habemus,
1124 1817 1288 1898 quarum
1329 1794 1429 1882 duae
1465 1802 1617 1904 priores
1657 1819 1813 1909 partem

267 1940 467 2046 insignem
495 1943 588 2047 piae
617 1943 753 2025 matris
784 1937 994 2038 indicant,
1042 1938 1104 2020 uti
1141 1937 1239 2022 haec
1278 1941 1504 2026 membrana
1535 1959 1622 2024 tum
1658 1943 1706 2023 ab
1745 1964 1812 2024 ex·

265 2083 439 2184 acriore,
471 2097 556 2162 tum
589 2083 638 2164 ab
667 2084 886 2183 interiore,
912 2071 1121 2184 superficie
1146 2073 1234 2160 sese
1261 2077 1591 2186 conspiciendam
1611 2082 1809 2190 praebet;

265 2243 350 2304 eres
394 2223 574 2303 minores
616 2244 718 2306 vero
778 2239 930 2327 parat·
982 2216 1105 2325 ipsius
1146 2217 1385 2304 substantiae
1439 2223 1594 2304 cerebri
1644 2221 1813 2330 diligen-

104 2341 110 2350 ’
267 2368 349 2444 tius
378 2366 646 2446 examinatam
677 2364 889 2471 praebent
945 2359 1037 2444 Hae
1072 2361 1193 2466 igitur
1225 2383 1359 2470 partes
1387 2369 1432 2446 in
1465 2387 1638 2473 corpore
1676 2371 1811 2474 proxi-

266 2529 335 2587 me
365 2509 472 2588 inter
498 2502 540 2586 se
562 2503 722 2610 iunctae
743 2503 947 2606 ineman
971 2524 1079 2588 nunc
1112 2525 1244 2607 vero,
1273 2519 1435 2612 peracta
1462 2505 1674 2590 artificiosa
1697 2532 1811 2615 prae·

265 2649 501 2752 paratione,
529 2644 731 2754 separatae
752 2645 1031 2734 moriommr.
1066 2645 1116 2732 In
1139 2646 1408 2753 praecedente
1434 2641 1526 2731 Ταῦ.
1557 2649 1632 2734 ΙΗ.
1659 2643 1746 2753 dig.
1769 2679 1808 2734 2.

258 2795 362 2871 icon
393 2788 513 2872 drrrae
536 2791 674 2872 matris
701 2791 858 2874 cerebri
889 2790 1073 2874 exhibita
1096 2805 1188 2895 est,
1217 2813 1322 2896 quae
1353 2794 1577 2876 membrana
1606 2813 1705 2876 mox
1739 2789 1808 2874 sub

263 2935 455 3013 inter-iore
483 2933 627 3015 lernina
647 2927 762 3015 ossea
792 2937 923 3016 cranii
948 2931 1076 3040 posrta
1103 2951 1168 3016 est
1196 2952 1240 3016 et
1278 2932 1370 3018 suos
1400 2932 1609 3040 processus
1624 2995 1644 3037 „
1678 2937 1808 3040 longi-

257 3069 485 3159 tadinatem
517 3076 620 3156 inter
643 3073 920 3180 hemispheria
945 3075 1131 3176 cerebri,
1172 3072 1451 3170 transversaies
1479 3079 1588 3159 inter
1626 3071 1712 3180 ejus
1745 3075 1806 3155 lo-

263 3212 340 3294 bos
370 3219 620 3317 posteriores
644 3232 686 3296 et
711 3215 983 3323 cembellum,
1036 3213 1245 3320 extendit3
1288 3235 1472 3302 ceterum
1497 3219 1653 3302 nullum
1674 3215 1809 3300 direc-

133 3359 142 3366 ’
261 3371 349 3437 tum
385 3377 480 3438 cum
507 3353 719 3442 substantia
740 3357 860 3464 hujus
895 3363 1062 3445 visceris
1096 3383 1245 3444 nexum
1270 3361 1414 3462 habet,
1442 3381 1495 3441 ne
1521 3381 1615 3442 cum
1641 3379 1694 3440 eo
1722 3361 1809 3461 qai·

263 3492 356 3578 dem
380 3498 425 3578 in
451 3501 683 3602 proximum
717 3518 952 3586 contactum
986 3505 1132 3604 venit,
1161 3506 1217 3585 ita
1237 3519 1283 3584 ut
1310 3506 1449 3606 pieura
1476 3518 1522 3584 et
1546 3505 1808 3608 peritoneurn

260 3641 391 3721 multo
429 3641 599 3721 arctiore
631 3641 799 3722 vinculo
833 3663 926 3724 cunr
966 3641 1223 3741 visceribus,
1279 3639 1457 3722 thoracis
1503 3654 1544 3720 et
1583 3636 1808 3720 abdominis

260 3782 434 3862 cavitate
470 3779 704 3882 contentia,
745 3777 990 3884 jungantur,
1031 3805 1151 3886 quam
1188 3777 1285 3862 dura
1313 3781 1380 3860 illa
1412 3793 1540 3860 mater
1573 3800 1666 3860 cum
1690 3797 1802 3858 cere·

252 3917 358 4018 ·bro;
407 3921 559 4001 etenim
593 3915 664 4002 sub
703 3940 754 4002 ea
789 3916 898 4024 jacet
939 3940 1102 4028 praeter
1148 3919 1422 4006 tenuissimam
1464 3915 1798 4021 arachnoideam,

253 4080 359 4160 quae
391 4062 436 4141 irr
468 4053 572 4140 statu
610 4062 764 4142 intacto
800 4077 842 4142 et
879 4059 974 4144 sano
1012 4063 1235 4170 fimplicem
1274 4059 1562 4174 expaniionem
1590 4063 1800 4167 petracen-

257 4217 341 4281 tem
371 4197 531 4304 refert,
573 4223 650 4307 ea,
689 4222 794 4307 quae
827 4199 964 4310 figuris
1003 4203 1155 4290 imore
1192 4201 1410 4310 majoribus
1442 4199 1561 4305 huius
1600 4191 1694 4281 Tab.
1724 4197 1799 4283 IV.

254 4343 360 4424 vivia
386 4342 592 4424 coloribus
615 4342 804 4449 expressa
835 4365 920 4450 est,
963 4369 1149 4455 qasteque
1183 4342 1334 4452 figurae
1362 4341 1587 4427 delineatae
1624 4337 1801 4428 suntad

252 4482 727 4592 ammirationis,
785 4489 897 4592 quad
927 4487 1004 4573 Νι
1051 4493 1140 4595 ι69,
1172 4485 1457 4594 descriptionis
1488 4485 1617 4568 nostri
1653 4480 1793 4566 Musei

255 4621 435 4704 breviter
460 4643 525 4708 est
550 4641 740 4710 notatum.

311 4761 427 4846 Haec
459 4768 686 4854 membrana
710 4769 784 4878 pia
812 4785 940 4854 mater
973 4792 1142 4860 vocatur
1170 4791 1211 4854 et
1242 4775 1296 4854 ita
1336 4769 1540 4852 delineata
1563 4783 1645 4868 est,
1674 4783 1731 4880 att
1751 4767 1794 4846 ir
1860 4775 1864 4783 ’

1496 4936 1545 5016 a,
1578 4935 1600 4990 2
