4764 6328
499 442 1520 540 Fascicuauasr-cuunut.
1767 481 1826 568 27

279 671 363 757 srve
393 668 540 774 calida,
580 671 664 756 save
696 671 856 773 mollia,
899 667 983 751 save
1021 665 1137 774 dura,
1175 669 1260 756 save
1293 671 1454 780 glabra,
1480 674 1564 758 srve
1591 697 1749 783 aspera,
1778 685 1823 766 in

279 819 509 922 proximum
539 817 704 928 veniant
737 830 971 894 contactum
993 831 1085 893 cum
1106 807 1367 897 senfilisfimis
1397 837 1612 899 nervorum
1644 815 1818 926 finibus,

279 957 509 1040 tenuissima
522 951 774 1067 solummodo
792 949 1036 1074 epidermide
1059 955 1208 1059 tectis,
1231 959 1293 1066 uri
1308 979 1358 1038 en
1380 962 1721 1065 contemplatione
1735 966 1819 1048 ico-

274 1123 373 1183 num
381 1116 519 1208 patet,
535 1097 656 1201 ditm,
679 1096 793 1182 hisce
807 1092 1066 1180 sensrlissrmis
1087 1097 1265 1202 partibus
1289 1099 1460 1182 molest'e
1481 1099 1661 1205 affectis,
1680 1125 1820 1188 vascu-

274 1245 433 1344 lorum,
459 1263 554 1324 cum
575 1241 626 1324 iis
652 1229 836 1346 proxime
864 1235 1198 1343 coniunctorum,
1225 1238 1331 1324 actio
1362 1241 1548 1324 morbosa
1570 1242 1751 1330 redditur
1777 1265 1820 1330 et

271 1387 491 1492 praecipue
504 1403 776 1486 eomm,quae
792 1375 835 1462 in
846 1376 1117 1486 glanduianrm
1137 1375 1425 1486 mucipararum
1439 1381 1587 1467 fabrica
1603 1389 1817 1471 tenerrima

269 1542 464 1609 contexta
498 1522 604 1607 sunt.
663 1521 977 1606 Nihilominus
1014 1540 1150 1606 tamen
1178 1528 1299 1607 etiam
1332 1523 1512 1610 diversae
1543 1528 1815 1634 acrimoniae,

133 1669 139 1682 '
270 1675 315 1755 in
337 1665 523 1752 universa
552 1667 768 1750 humorum
797 1661 918 1747 massa
944 1662 1200 1769 praesentes,
1241 1666 1290 1748 ab
1323 1667 1491 1750 internis
1518 1667 1698 1774 partibus
1722 1643 1815 1754 ‘iuc

266 1809 443 1912 ductae,
470 1807 521 1892 ad
545 1805 774 1892 mutandum
795 1807 903 1890 hunc
929 1801 1223 1890 senftlisssmum
1246 1825 1480 1894 contextum
1501 1805 1663 1917 facere,
1692 1830 1813 1929 atque

268 1959 311 2038 in
337 1973 388 2034 eo
415 1951 600 2060 organica
636 1954 763 2058 vitia,
805 1969 894 2033 nata
938 1950 1112 2056 primum
1148 1950 1445 2034 inflammatoria
1478 1954 1719 2058 plerumque
1753 1952 1812 2037 af·

267 2084 479 2197 sectione,
535 2089 759 2201 producere
791 2090 981 2198 possunt3
1028 2092 1129 2174 haec
1164 2095 1274 2174 enim
1305 2115 1389 2174 non
1421 2091 1580 2203 semper
1622 2073 1809 2203 optatum

142 2291 146 2298 -
266 2241 423 2324 exitum
446 2237 637 2339 sortitur,
667 2233 737 2318 sed
767 2235 922 2343 saepius
953 2238 996 2318 in
1024 2232 1349 2342 suppurationem
1380 2236 1448 2316 vel
1473 2237 1663 2340 malignas
1691 2234 1808 2322 indu·

264 2382 461 2482 rationes,
484 2378 705 2486 angustiam
729 2380 873 2460 canalis
900 2375 1092 2460 lethalem
1110 2373 1384 2483 producentes
1397 2376 1530 2482 ,abire
1553 2375 1681 2480 solet,
1695 2378 1809 2484 quod

262 2527 306 2606 in
331 2525 358 2606 l.
383 2545 420 2605 c.
451 2519 541 2604 satis
571 2521 702 2628 ample
733 2521 938 2627 explicui,
968 2515 1151 2623 adeoque
1182 2520 1249 2604 hic
1277 2537 1463 2626 repetere
1489 2539 1576 2602 non
1602 2541 1704 2628 opus
1729 2539 1807 2607 est.

263 2665 420 2771 Scopus
449 2680 583 2746 autem
616 2657 802 2768 praesens
830 2659 1014 2750 constetit
1045 2664 1089 2743 in
1123 2661 1473 2766 contemplatione
1506 2677 1685 2743 accurata
1720 2683 1805 2782 par3

258 2809 383 2910 tium,
413 2807 475 2888 uti
510 2805 583 2888 hae
612 2805 656 2887 in
680 2794 781 2886 statu
807 2779 1011 2884 sanisstmo
1039 2796 1082 2882 se
1107 2798 1285 2903 habent,
1314 2797 1411 2882 dum
1434 2797 1695 2907 insequente
1721 2797 1803 2886 sas.

252 2949 391 3031 reiculo
416 2965 483 3030 eat
508 2941 727 3042 ¹delineatae
756 2943 986 3044 exhibebo,
1014 2943 1150 3048 quales
1178 2946 1222 3028 in
1244 2919 1583 3046 mammosam,
1608 2942 1809 3030 chronica

257 3089 566 3198 degeneratione
590 3103 787 3192 mutatae,
816 3085 857 3170 se
885 3082 1102 3170 monstrant
1114 3145 1129 3188 „
1158 3103 1200 3168 et
1224 3089 1420 3190 exemplis
1446 3101 1610 3190 notatu,
1636 3101 1681 3166 ut
1700 3085 1802 3168 mihi
1897 3168 1900 3177 ,

255 3230 441 3335 videtur,
463 3230 552 3315 satis
590 3228 722 3338 dignis
746 3230 928 3314 illustrari
951 3223 1130 3336 possunt.
1174 3227 1236 3312 Ut
1252 3245 1387 3312 autem
1406 3221 1455 3310 ad
1477 3224 1558 3314 sani
1578 3224 1800 3354 oesophagi

255 3374 641 3484 contemplationem
674 3369 894 3456 redeamus.
