4764 6328
614 435 667 532 Δ
877 429 1189 530 leonum
1246 435 1913 540 Anacourcanuu

1047 877 1857 1038 TABULAX'L⁸

725 1335 1094 1434 ,rannerius
1114 1336 1435 1430 -nuonmvr
1480 1307 1714 1433 nursica
1759 1353 2011 1444 annana
2131 1419 2138 1434 .

658 1509 661 1518 ·
809 1511 812 1518 ·
1117 1482 1634 1586 annuntiantum.

660 1867 875 2020 Maximi
925 1921 1119 2008 momenti
1163 1943 1284 2027 quum
1319 1925 1419 2006 mihi
1466 1923 1623 2033 semper
1670 1926 1756 2013 visa
1807 1925 1931 2013 fuerit
1972 1928 2137 2038 diligens

469 2157 472 2166 ,
602 2073 891 2175 contemplatio
916 2071 1216 2165 intestinorum,
1244 2063 1325 2168 jam
1356 2083 1447 2168 ante
1477 2067 1610 2171 plures
1638 2092 1763 2152 annos
1789 2093 1928 2152 eorum
1958 2075 2135 2160 intimam

604 2211 792 2294 fabricam
821 2207 983 2300 scrutari
1009 2211 1173 2314 incepi,
1204 2227 1371 2308 eamque
1392 2211 1435 2288 in
1454 2208 1679 2291 exercenda
1710 2215 1906 2296 anatomia
1932 2210 2133 2295 subtiliore

596 2351 757 2457 semper
799 2351 949 2434 summa
997 2351 1223 2433 attentione
1271 2345 1429 2452 dignam
1473 2345 1674 2452 judicavi;
1714 2369 1777 2434 est
1812 2355 1919 2434 enim
1956 2354 2133 2457 corporis

582 2518 714 2598 -pars,
744 2516 846 2596 quae
874 2507 1010 2597 potest
1042 2491 1181 2572 laboti
1215 2506 1397 2592 tanquam
1428 2485 1757 2593 fundamentum,
1795 2515 1877 2594 quo
1899 2495 2026 2573 totius
2057 2517 2132 2572 ma

599 2637 742 2716 chinae
773 2636 974 2739 integritas
1009 2637 1175 2735 nititur,
1220 2650 1263 2712 et
1295 2627 1410 2733 fons,
1441 2651 1492 2714 ex
1522 2656 1604 2736 quo
1632 2654 1772 2714 omnes
1799 2650 1932 2736 partes
1964 2631 2013 2713 ad
2045 2636 2131 2714 reii-

597 2798 694 2880 quas
735 2771 990 2876 functiones,
1030 2779 1137 2856 uitae
1176 2771 1390 2889 fergandae
1421 2769 1692 2874 necessarias,
1721 2771 1998 2878 praestandas,
2028 2793 2130 2878 aptas

597 2919 734 3021 copias
764 2919 950 3021 accipere
984 2913 1164 3016 debent,
1194 2920 1352 3002 nullum
1378 2919 1489 2996 enim
1512 2917 1656 2996 animai
1689 2913 1771 2996 sme
1800 2915 1898 2995 tubo
1928 2916 2127 2996 alimenta:

597 3059 631 3136 ri
659 3058 784 3157 vivit,
814 3062 896 3138 imo
920 3061 1034 3140 latius
1066 3061 1107 3137 in
1137 3079 1259 3160 regno
1288 3060 1445 3139 animali
1471 3058 1538 3138 hic
1562 3061 1758 3161 imperat,
1789 3073 1908 3160 quam
1936 3057 2127 3140 nobilisss-

568 3221 707 3307 ¹,mum
734 3197 864 3304 ipsum
885 3198 994 3282 iilud
1019 3205 1165 3300 vitale,
1194 3222 1266 3304 per
1296 3200 1581 3284 excellentiam
1607 3197 1786 3300 dictum,
1815 3203 1976 3298 viscus,
2007 3220 2087 3276 cor.

643 3337 949 3430 'Diverfissrmac
974 3357 1107 3422 autem
1130 3337 1307 3421 fabricae
1328 3357 1487 3438 estnon
1499 3339 1624 3422 solum
1636 3343 1680 3422 in
1698 3338 1863 3424 diverfis
1876 3340 2126 3438 animalibus,

603 3485 884 3564 verumetiam
908 3487 951 3564 in
977 3483 1141 3570 homine
1161 3481 1266 3588 ipso.
1295 3484 1435 3566 Altera
1456 3505 1550 3590 pars
1577 3484 1815 3564 intestinalis
1841 3481 1957 3582 tubi,
1985 3481 2015 3562 sa
2043 3477 2128 3562 diii-

595 3628 752 3730 gcntius
782 3627 1052 3726 examinatur,
1080 3625 1225 3707 mirum
1246 3630 1287 3708 in
1313 3623 1479 3706 modum
1501 3625 1548 3704 ab
1563 3628 1684 3706 altera
1710 3621 1873 3724 differt3
1903 3627 2124 3728 quaesatio

594 3763 676 3846 csse
704 3764 884 3868 videtur,
900 3741 1224 3851 cur-anatomici
1257 3785 1390 3848 totum
1413 3767 1527 3848 illum
1559 3779 1789 3868 apparatum
1816 3764 1948 3869 primo
1972 3767 2014 3843 in
2034 3759 2126 3842 dtus

592 3923 726 4014 partes
758 3906 1035 4008 distinxerint,
1066 3931 1233 4011 quarum
1262 3911 1370 4015 prior
1404 3910 1535 3987 tennis
1569 3906 1753 3988 intestini
1791 3907 1957 3986 nomine
1993 3909 2123 4004 venit,

580 4050 713 4140 ,altera
740 4045 884 4146 crassr3
925 4050 1034 4149 prior
1065 4071 1154 4152 pars
1191 4051 1475 4154 complectitur
1505 4047 1767 4149 intestinum,
1805 4043 1915 4150 quod
1944 4045 1991 4123 ab
2025 4025 2126 4122 cirin

582 4192 661 4276 ,cio
692 4183 883 4280 inferiore
913 4187 1130 4268 ventriculi
1152 4191 1317 4272 initium
1353 4189 1467 4273 ducit
1496 4208 1538 4270 ct
1572 4189 1790 4296 porrigitur
1821 4184 2021 4291 usquead
2048 4187 2125 4266 val·

593 4329 728 4408 tulam
759 4325 1039 4427 Bouhini,
1067 4310 1379 4442 vel'Tulpii,
1409 4357 1432 4412 a
1458 4353 1535 4435 qua
1566 4333 1688 4414 altera
1717 4351 1808 4433 pars
1833 4328 1997 4431 incipit,
2028 4347 2125 4428 quae

586 4464 712 4548 crassa
740 4466 926 4552 intestini
958 4489 1109 4552 nomen
1127 4480 1319 4580 accepit,
1359 4475 1552 4580 citiusque
1581 4469 1672 4554 finis
1698 4467 1925 4575 sphinctere
1961 4471 2025 4552 ani
2050 4487 2125 4548 ter·

590 4611 786 4712 attinetur.
1490 4627 1495 4638 ·

646 4749 762 4854 ᾈΡῐῑθῑ
787 4767 917 4840 autem
929 4777 1043 4870 pars,
1085 4757 1167 4846 sure
1195 4761 1435 4846 intestinum
1468 4778 1614 4863 tenue,
1654 4754 1821 4862 quidem
1853 4769 2023 4835 externo
2056 4747 2124 4832 suo
