4764 6328
607 467 1118 556 Frscrcusus
1175 467 1494 556 Pnruus.
1602 533 1606 543 .
1744 507 1809 562 -21

274 699 325 778 ris
357 710 535 801 partem,
568 688 833 772 constructam
871 674 921 769 ex
942 671 1102 771 cellulis
1127 689 1462 794 membranaceis,
1494 693 1598 774 inter
1624 693 1663 776 se
1691 697 1841 815 artis·-

275 835 486 918 ciosrssrme
514 835 712 914 connexis
740 845 782 911 et
809 827 1099 910 commercium
1132 826 1356 909 universale
1394 830 1660 936 habentibus,
1692 837 1812 938 longe

272 975 629 1081 praestantiorem,
659 993 777 1076 quarn
804 964 1057 1051 substantiam
1086 965 1315 1070 mucosum,
1342 967 1631 1074 semifluidam,
1655 977 1810 1080 inorga-
1940 1039 1946 1044 .

270 1122 402 1200 nicam
429 1112 589 1220 prorsus
607 1131 651 1196 et
673 1115 870 1210 inertem;
901 1108 973 1215 ipfi
992 1112 1101 1190 enirn
1127 1130 1257 1190 novae
1287 1106 1628 1194 denominationis
1651 1121 1808 1219 patroni

273 1257 367 1338 huic
394 1257 496 1336 telae
523 1276 607 1335 non
637 1254 845 1350 inertiam,
875 1248 947 1331 sed
982 1253 1107 1332 vitam
1146 1248 1372 1354 actuosam,
1417 1255 1726 1338 contractilitate
1752 1255 1809 1336 se-

272 1365 313 1478 se
353 1394 621 1500 prodentem,
648 1394 854 1493 tribuunt,
884 1391 980 1474 dum
1001 1387 1181 1474 medium
1214 1387 1457 1473 constituere
1484 1393 1678 1477 affirmant
1703 1401 1808 1477 inter

269 1534 370 1618 fines
402 1531 585 1616 vasorum
623 1533 912 1632 exhalantium,
958 1553 1128 1634 quorum
1165 1526 1359 1612 adductos
1389 1533 1578 1614 humores
1612 1534 1803 1641 spongiae

271 1678 315 1756 in
348 1671 513 1754 modurn
551 1670 758 1771 resorbet,
786 1687 830 1750 et
865 1672 977 1754 initia
1004 1671 1367 1775 lymphaticorum,
1398 1669 1446 1752 ad
1470 1693 1570 1776 quae
1599 1672 1806 1780 absorptos

270 1815 460 1896 humores
488 1808 554 1896 sua
590 1813 898 1896 contractilitate
933 1807 1223 1916 perducito)

307 2133 366 2216 (ι)
390 2133 583 2200 conferatur
601 2133 739 2220 Johan
774 2135 945 2202 Franco·
974 2132 1143 2215 seyen,
1166 2131 1321 2217 specimen
1338 2132 1473 2201 Medico
1492 2133 1744 2222 Physroiogicum
1771 2141 1810 2207 de

265 2249 292 2314 T
290 2248 340 2314 cla
361 2247 535 2328 Gallulosa,
558 2265 658 2335 nuper
678 2247 802 2330 mucosa
821 2249 921 2316 dicta.
958 2249 1096 2334 Traiecti
1120 2251 1160 2315 ad
1181 2249 1329 2319 Rhenum
1347 2251 1444 2318 Anno
1464 2269 1726 2338 croroccxcrx3
1750 2259 1807 2324 ubi

266 2366 344 2429 telae
360 2362 522 2430 celiulosae
543 2377 672 2446 natura,
692 2379 759 2432 turn
785 2385 822 2431 ex
837 2365 1098 2450 Physrologorum
1116 2381 1257 2434 veterum
1278 2381 1376 2450 atque
1393 2365 1602 2437 recentiorum
1624 2365 1802 2454 sententiis,

267 2491 336 2543 tum
352 2495 389 2542 ex
406 2477 543 2562 propriis
564 2479 804 2564 experimentis,
828 2483 1006 2550 accrrrat'rus
1026 2483 1217 2550 illustratur.
