4764 6328
616 451 1503 548 FascrcutusPntrtus
1808 487 1836 570 3

290 651 380 782 ret,
417 685 460 766 in
491 703 568 788 qua
604 677 906 788 conspiciuntur
937 671 1031 761 vasa
1067 669 1293 782 sanguifera‘
1317 673 1468 781 majora
1498 671 1692 782 abscissa,
1723 683 1766 762 in
1796 677 1841 760 se·

298 807 486 907 habentia
521 823 728 905 materiem
766 820 944 924 mbram,
983 837 1062 922 qua
1091 813 1182 898 sunt
1205 815 1401 922 expansa,
1437 834 1480 900 et
1504 836 1709 924 praeterea
1740 828 1837 907 tami

290 966 475 1048 minores
512 966 708 1046 canalium
751 957 1019 1048 aeriferorum
1058 951 1239 1058 discissa,
1289 957 1432 1063 quibus
1473 961 1665 1048 coerulea
1708 981 1835 1045 nrate-

291 1104 372 1188 ries
397 1109 658 1207 continetur,
687 1105 745 1184 uti
769 1119 813 1184 et
845 1122 921 1208 per
959 1119 1101 1182 omnes
1128 1097 1323 1182 vesiculas
1358 1098 1548 1186 aeriferas
1579 1103 1680 1185 haec
1711 1103 1848 1188 mate-'

296 1249 377 1330 ries
420 1246 683 1349 aequabiliter
724 1239 900 1347 dispersa
938 1255 1032 1342 est,
1087 1238 1183 1326 dum
1215 1237 1363 1356 eodem
1403 1239 1526 1324 modo
1565 1239 1667 1326 fines
1712 1246 1836 1329 subti-

291 1386 430 1470 lissimi
471 1383 657 1468 vasonum
699 1377 1015 1488 sanguiferorum
1053 1401 1125 1487 per
1164 1402 1328 1466 omnem
1366 1380 1532 1467 incisam
1581 1381 1832 1488 superficiem

293 1527 495 1636 aequabili
524 1524 648 1608 modo
685 1525 799 1610 rubra
820 1524 983 1625 materia
1002 1523 1161 1626 impleti
1188 1541 1430 1627 cernuntur,
1461 1541 1501 1604 et
1528 1529 1571 1606 in
1605 1527 1835 1632 proximum

198 1734 206 1745 ,
293 1685 528 1750 contactum
554 1663 596 1748 se
624 1665 822 1773 praebent
855 1658 1143 1768 conspicienda
1172 1685 1267 1747 cum
1291 1666 1524 1750 canaliculis
1564 1684 1607 1748 et
1646 1669 1833 1752 veficulis

285 1811 421 1891 aereis
455 1806 630 1911 impletis
664 1805 858 1887 coentleo
885 1804 1054 1903 colore,
1112 1799 1208 1886 dum
1245 1804 1355 1886 nulla
1383 1801 1541 1912 prorsus
1581 1812 1831 1894 materiarum

291 1942 552 2030 immissarum
585 1941 771 2028 confulio
798 1941 1011 2049 detegitur.

299 2101 302 2108 ·
351 2108 403 2190 3·.
431 2085 479 2166 ln
509 2082 714 2190 superiore
735 2083 885 2167 linistri
916 2086 1120 2190 pulmonis
1147 2086 1244 2168 lobo
1271 2084 1423 2192 duplici
1452 2085 1674 2172 directione
1699 2089 1829 2177 factae

290 2227 381 2312 sunt
411 2227 648 2332 incisiones,
676 2231 797 2311 altera
826 2227 874 2308 ab
908 2228 1099 2312 interiore
1141 2229 1366 2333 exteriora,
1397 2233 1517 2312 altera
1543 2230 1592 2310 ab
1628 2235 1830 2315 exteriore

288 2371 481 2453 interiora
505 2365 671 2469 versus,
701 2384 744 2448 et
778 2369 835 2451 ita
859 2368 1036 2452 cernitur
1064 2371 1187 2453 etiam
1221 2371 1453 2452 membrana
1487 2389 1654 2455 externa
1686 2394 1829 2456 coeru-

290 2515 375 2614 lea3
405 2511 571 2594 interior
597 2529 695 2592 vero
727 2485 959 2613 substantia,
996 2513 1186 2616 portione
1218 2511 1337 2618 huJ'us
1365 2511 1419 2594 irc
1446 2507 1626 2616 sublata,
1659 2511 1831 2594 diversas

225 2629 230 2638 ’
288 2668 423 2758 partes
457 2645 649 2752 exhibet,
680 2655 796 2736 utin
830 2649 966 2734 medio
1002 2658 1219 2738 cavitatem
1254 2657 1452 2737 internam
1486 2677 1685 2738 ramorum
1710 2656 1829 2735 bron-

287 2793 466 2876 chiarum
495 2789 711 2900 majorum,
743 2797 811 2899 qui
835 2795 1030 2880 incisione
1065 2801 1193 2902 aperti
1225 2793 1340 2897 sunt,
1383 2795 1523 2877 similis
1549 2815 1625 2900 per
1652 2795 1840 2899 longitu-n

206 2939 216 2956 '
282 2933 425 3018 dinem
459 2953 615 3040 apertus
644 2955 810 3042 apparet
844 2939 1042 3044 oblongus
1081 2962 1212 3024 ramus
1249 2936 1444 3022 inferiora
1477 2934 1640 3039 versus,
1680 2941 1750 3039 qui
1784 2940 1828 3019 in

284 3077 445 3179 apicem
483 3080 720 3160 terminatur
769 3097 812 3160 et
849 3081 1037 3162 coerulea
1079 3083 1244 3164 materia
1284 3083 1429 3187 plenus
1464 3095 1574 3178 erat;
1615 3099 1693 3181 qua
1729 3097 1827 3160 vero

288 3211 464 3317 sublata,
483 3221 649 3302 minima
674 3221 833 3302 vascula
857 3244 932 3326 per
971 3220 1058 3324 ejus
1085 3225 1354 3307 membranam
1393 3224 1591 3304 internam
1624 3217 1829 3302 mucosam

282 3353 464 3462 dispersa
498 3356 666 3467 specillo
702 3366 862 3444 materia
912 3363 1027 3446 rubra
1063 3366 1232 3470 impleta
1276 3380 1496 3471 apparent,
1540 3360 1635 3443 dum
1671 3375 1825 3465 praeter

144 3557 147 3564 ,
286 3491 471 3580 discissos
499 3521 626 3580 muros
650 3501 900 3584 vasculorum
931 3500 1268 3608 sangttiferorum,
1330 3508 1454 3585 otiam
1494 3499 1638 3584 eadem
1677 3497 1826 3582 fabrica

285 3639 538 3718 vasculonam
569 3643 849 3740 minimorum,
875 3663 950 3749 per
974 3646 1248 3728 tenuissrmam
1271 3640 1500 3724 cellulosam
1529 3621 1821 3743 dispersorum,

290 3791 332 3854 et
364 3795 457 3856 cum
482 3777 712 3862 canaliculis
743 3777 923 3866 atriferis
958 3787 1003 3868 in
1033 3787 1261 3890 proximum
1286 3797 1513 3864 contactum
1544 3779 1820 3878 venientium,

282 3918 413 4000 oeulis
439 3935 591 4022 patent.

336 4079 394 4159 4·.
424 4053 606 4142 Tandem
628 4060 670 4140 in
697 4055 889 4146 inferiore
920 4066 1059 4150 lobulo
1091 4067 1277 4166 sinistro,
1310 4060 1451 4145 eadem
1483 4061 1636 4142 ratione
1664 4057 1819 4161 inciso,

283 4199 419 4278 omnia
456 4193 684 4302 subtiliora,
724 4224 806 4305 quo
838 4201 889 4286 ad
914 4202 1106 4290 fabricam
1138 4209 1318 4291 intimam
1353 4196 1593 4285 substantiae
1620 4200 1821 4304 pulmonis

280 4353 501 4441 apparent;
541 4361 662 4442 quum
695 4363 795 4425 vero
830 4344 930 4428 haec
965 4371 1053 4454 pars
1088 4345 1222 4430 dissita
1247 4347 1370 4450 magis
1402 4341 1452 4424 stt
1481 4365 1503 4423 a
1540 4343 1668 4446 prima
1702 4340 1821 4420 bron·

280 4479 460 4562 chiarum
493 4477 714 4585 divisione,
743 4477 828 4564 non
861 4488 918 4566 ita
943 4488 1008 4568 hic
1037 4491 1117 4571 loci
1155 4483 1462 4592 conspiciuntur
1494 4480 1665 4584 vestigia
1696 4499 1821 4560 ramo·

281 4640 367 4700 rum
384 4618 664 4705 bronchiarum
686 4642 730 4705 et
750 4623 932 4710 vasorum
952 4629 1176 4736 maj0rum,
1208 4649 1310 4734 quae
1335 4628 1379 4709 in
1398 4619 1665 4728 superioribus
1688 4621 1818 4721 iobis,

279 4760 429 4863 origini
457 4764 580 4868 magis
612 4769 773 4870 vicina,
801 4766 941 4875 majori
965 4775 1173 4857 volumine
1207 4765 1420 4876 gaudentia
1440 4777 1641 4868 apparent.
1673 4761 1821 4872 Quam·

1463 4928 1511 5002 1,
1545 4926 1568 4983 2
