4764 6328
481 465 1529 568 Fls·c·r'··1c·ot·ur··sicumare·
1719 511 1767 592 at

233 714 342 794 n'nna
364 707 514 792 evitare
540 705 702 787 noverit
728 721 770 786 et
804 716 917 784 certo
944 684 1092 784 ¹certius
1121 701 1176 784 src
1203 697 1446 808 cavere,'ne
1473 705 1541 786 vel
1561 704 1770 790 minimum

233 851 519 934 minusculum
558 849 675 932 alicui
713 847 864 928 ramulo
905 833 1129 949 infligatur,
1172 865 1254 946 quo
1290 848 1508 927 mercurius
1542 843 1697 949 effluat,
1731 864 1773 930 et

235 1010 355 1070 omne
386 1009 513 1094 opus,
553 1010 605 1068 eo
643 1009 773 1092 usque
810 1001 1043 1092 peractum,
1081 980 1150 1065 fiat
1179 987 1359 1084 irritum;
1387 985 1498 1091 quod
1522 988 1623 1088 mihi
1644 985 1774 1070 semel

232 1133 462 1234 iterumque
486 1102 670 1213 evenisse
695 1125 816 1210 fateri
846 1145 932 1206 non
961 1121 1099 1229 pudet.
1150 1119 1256 1205 ldeo'
1275 1127 1492 1207 certiorem
1523 1128 1626 1210 hanc
1665 1131 1771 1212 viam

235 1273 340 1377 elegi
384 1285 504 1372 atque
561 1291 640 1372 ope
671 1269 890 1348 ‹materiae
939 1267 1073 1348 rubrae
1121 1264 1262 1348 densae
1297 1243 1484 1350 'ductum
1536 1271 1596 1350 ita'
1634 1272 1771 1375 imple-

233 1415 322 1514 vi·,·
348 1431 395 1495 ut
426 1409 607 1494 accessus
656 1387 1126 1492 ramulorumminomm
1160 1409 1221 1490 ad¹
1249 1403 1416 1512 majores
1451 1408 1689 1513 tandemque
1724 1409 1773 1490 ad

235 1549 363 1657 ipsum
399 1549 568 1634 ductum
605 1573 657 1632 eo
682 1547 775 1632 satis
809 1551 915 1630 bene
945 1547 1204 1631 demonstrari
1236 1551 1382 1655 possit,
1422 1549 1622 1657 ipsrusque
1654 1577 1770 1636 cana-

234 1695 305 1793 lis,
342 1715 422 1797 quo
459 1691 704 1775 destinatum
732 1691 802 1774 srbi
843 1695 981 1772 locum
1017 1689 1153 1772 versus
1190 1691 1542 1775 humorrsecrerus
1575 1689 1671 1778 ferri
1700 1694 1776 1776 de·
1820 1716 1824 1726 ·
1907 1703 1911 1712 '

233 1837 332 1938 bot,
355 1831 488 1914 forma
512 1849 632 1936 atque
655 1827 1015 1936 decursusoptime
1039 1830 1285 1916 discetuibus
1306 1836 1486 1942 intelligi
1504 1837 1659 1938 valeat,
1690 1841 1769 1918 ele-

235 1979 276 2084 gi
303 1981 423 2060 etiam
450 1971 500 2054 ad
530 1974 633 2056 lranc
670 1975 1012 2080 praeparationem
1049 1970 1293 2079 glandulam,
1325 1975 1367 2054 in
1396 1997 1471 2078 qua
1496 1973 1587 2057 vasa
1617 1973 1771 2082 sangui-

229 2115 319 2197 ..fera
345 2137 428 2196 non
442 2117 617 2218 replevi,
647 2135 699 2194 ne
714 2111 899 2195 confusio
922 2117 965 2197 in
984 2111 1226 2196 dissectione
1255 2119 1451 2216 oriretur,
1473 2139 1579 2198 neve
1603 2120 1769 2203 alterum

236 2257 408 2361 systema
438 2255 485 2336 ad
512 2257 616 2337 bene
653 2253 978 2364 distinguendum
1007 2257 1172 2338 alterum
1202 2253 1307 2338 esset
1334 2253 1637 2360 impedimento.

290 2400 349 2482 Ita
375 2398 559 2482 videmus
585 2400 629 2479 in
659 2394 851 2502 descripta
880 2401 1035 2479 ratione
1064 2413 1288 2503 praeparato
1325 2396 1564 2504 specimine,
1604 2401 1768 2485 ductum

225 2543 530 2647 p‘ancreaticum
557 2564 578 2621 a
607 2541 793 2623 tenuiore
823 2541 1076 2622 extremitate
1105 2541 1272 2624 initiumw
1292 2537 1465 2643 ducere,
1497 2539 1674 2645 indeque
1701 2543 1769 2647 de-

234 2704 393 2764 currere
419 2679 716 2786 quodammodo
750 2680 979 2787 serpentina
1014 2679 1239 2764 directione
1274 2701 1317 2762 et
1351 2680 1545 2765 diametro
1590 2709 1771 2768 crescen-
1859 2675 1861 2680 ’

227 2845 319 2906 tem
352 2827 518 2908 alterum
558 2841 790 2940 extremum·
825 2821 1110 2927 versus-,quo
1152 2825 1259 2906 exire
1293 2821 1442 2921 debet;
1476 2828 1519 2906 in
1554 2825 1633 2904 hoc
1666 2850 1765 2907 vero

109 2947 111 2950 ¹
234 2968 379 3048 itinere
418 2969 590 3048 ramulos
625 2969 772 3048 nurltos
809 2969 981 3070 accipit,
1019 2968 1088 3067 qui
1124 2990 1176 3048 ex
1207 2964 1391 3048 radiculis
1416 2968 1639 3048 innumeris
1672 2991 1771 3048 con·

231 3110 360 3191 lluunt
392 3128 432 3189 et
463 3131 645 3212 magnum
680 3105 848 3190 ductum
885 3103 1127 3190 constituere
1174 3106 1336 3210 juvant;
1387 3123 1596 3208 antequam
1633 3129 1767 3190 autem

233 3249 299 3329 hic
332 3245 586 3331 substantiam
614 3245 816 3352 glandulae
845 3245 934 3328 suae
963 3251 1176 3352 relinquit,
1220 3246 1479 3351 conjungitur
1513 3269 1606 3328 cum
1641 3243 1766 3332 altero

228 3395 353 3474 canali
392 3390 529 3474 similis
573 3386 786 3472 stmcturue
824 3407 865 3484 et
903 3388 1108 3492 diametri,
1150 3387 1199 3469 ad
1239 3410 1361 3491 quem
1392 3387 1538 3468 ssmiles
1570 3385 1764 3472 radiculae

230 3532 480 3630 inseruntur,
510 3547 552 3612 et
579 3534 647 3632 qui
673 3529 886 3634 aliquando
916 3531 1155 3636 conjunctus
1180 3532 1436 3629 cummagno
1463 3525 1588 3610 ductu
1613 3535 1655 3612 in
1679 3555 1765 3612 eor-

229 3695 330 3780 pore
360 3672 537 3776 simplici
569 3674 792 3776 pancreatis
825 3675 957 3778 magni
985 3676 1182 3770 occurrit;
1225 3667 1435 3773 aliquando
1463 3690 1561 3748 vero
1598 3671 1763 3754 inimic

229 3839 301 3920 per
336 3809 567 3894 cellulosam
608 3816 727 3894 telam
759 3810 916 3897 adnexo
956 3815 1071 3897 fimili
1108 3835 1277 3920 corpore
1314 3808 1545 3918 glanduloso
1584 3814 1762 3914 minore,

230 3954 341 4060 quod
364 3975 448 4036 tum
478 3958 698 4060 pancreatis
732 3959 843 4062 parvi
874 3963 1039 4041 nomine
1064 3961 1204 4056 venit,
1261 3972 1302 4036 et
1339 3974 1391 4034 ex
1425 3973 1507 4054 quo
1543 3955 1664 4034 etiam
1693 3956 1762 4036 ali·

159 4207 166 4216 ἱ
222 4093 390 4202 vquando
419 4097 604 4201 proprius
639 4095 785 4179 ductus
815 4104 1028 4202 provenit,
1056 4103 1127 4202 qui
1153 4117 1239 4179 turn
1264 4098 1332 4176 vel
1359 4111 1473 4176 extra
1498 4115 1644 4199 corpus
1669 4117 1762 4200 parr-

218 4245 372 4323 ·creatis
399 4240 532 4342 magni
558 4236 760 4341 producto
789 4239 925 4323 ductui
953 4238 1162 4340 inseritur,
1186 4238 1257 4321 uel
1277 4235 1351 4341 ip'sr
1384 4236 1576 4317 intestino
1608 4230 1787 4315 duodo·

228 4403 283 4459 no
310 4378 529 4484 separatim.

284 4517 524 4604 Notandum
572 4541 710 4628 autem
743 4521 872 4610 adhuc
916 4521 1103 4628 videtur,
1162 4523 1232 4603 hic
1262 4503 1349 4625 ¹per
1381 4539 1548 4601 ‘omnem
1593 4534 1761 4601 tractum

221 4661 357 4744 cultro
389 4677 546 4767 apertae
570 4659 806 4749 substantiae
832 4671 1055 4772 pancreatis
1077 4661 1223 4750 multas
1247 4662 1419 4746 maculas
1447 4656 1636 4742 rotundas
1663 4683 1760 4742 corr·

1505 4804 1534 4880 6
