4728 6338
484 423 1030 526 ¹inserentur
1086 427 1478 550 Quantus.
1724 439 1777 549 85

297 655 443 750 omnis
478 683 601 770 porro
629 656 858 766 superficies
896 660 1051 738 interna
1080 638 1199 762 hujus
1228 659 1413 742 intestini
1448 665 1567 767 plicis
1597 662 1776 748 valvulo·

230 803 287 902 ‚iis
319 802 479 888 obsessa
531 822 616 905 est3
657 823 743 885 noo
775 823 874 884 vero
907 795 1009 878 adeo
1039 797 1307 903 regularibus,
1363 824 1482 904 quam
1510 807 1552 884 in
1586 801 1777 888 duodeno

236 962 307 1030 aut
341 943 509 1051 ieiuno,
564 954 695 1046 neque
728 938 888 1048 prorsus
936 940 1188 1022 conveniunt
1225 961 1318 1024 oum
1363 944 1481 1048 plicis
1529 949 1770 1050 ventriculi;

230 1109 327 1170 nam
353 1091 415 1170 uti
449 1085 669 1170 ventriculi
703 1100 868 1167 externa
897 1076 1125 1186 superficies
1154 1080 1288 1184 glabra
1321 1097 1366 1163 et
1393 1087 1609 1187 aequabilis
1644 1089 1773 1172 omni-

234 1247 289 1306 uo
323 1243 410 1329 est,
447 1222 535 1307 solo
566 1227 802 1330 ¹peritonaeo
830 1238 964 1324 tecta,
993 1243 1125 1327 neque
1151 1223 1304 1302 omenti
1330 1243 1461 1327 gastro
1475 1275 1492 1290 -
1507 1230 1685 1333 hepatici
1704 1246 1773 1312 aut

232 1365 527 1471 gastro-colici
548 1363 710 1446 insertio
734 1363 939 1466 ligamenti
966 1355 1151 1442 firmioris
1174 1377 1380 1467 naturam,
1410 1362 1482 1446 sed
1503 1369 1640 1473 potius
1663 1370 1773 1452 laxae

232 1503 454 1592 cellulosae
498 1503 642 1608 habet,
698 1505 803 1587 nihil
841 1523 958 1610 agere
978 1498 1167 1609 ·possunt
1194 1502 1267 1584 hae
1296 1522 1430 1611 partes
1460 1506 1511 1588 ad
1547 1508 1773 1594 mutandam

231 1654 434 1732 internam
465 1649 682 1731 ventriculi
717 1647 1006 1751 capacitatem
1058 1645 1180 1749 longe
1219 1645 1293 1726 alia
1333 1667 1433 1728 vero
1474 1652 1631 1732 ratione
1670 1671 1770 1733 con-

227 1773 376 1872 structa
407 1805 571 1871 externa
600 1788 812 1892 ligamenta
846 1789 930 1871 coli
964 1783 1083 1888 sunt,
1134 1789 1264 1870 itaut
1298 1786 1393 1868 loco
1423 1786 1653 1874 insertionis
1678 1790 1770 1874 bre·

226 1934 385 2018 viorem
405 1926 572 2012 reddant
600 1933 720 2013 etiam
749 1933 947 2012 internam
981 1923 1247 2034 superficiem·
1264 1929 1473 2032 intestini,
1513 1933 1654 2015 relicto
1668 1913 1769 2040 ‘spa-

229 2077 292 2158 tio
350 2068 594 2156 intermedio
644 2071 831 2172 laxiore,
896 2086 940 2151 et
993 2067 1089 2150 inde
1139 2070 1308 2152 cellulae
1359 2070 1467 2178 quali
1512 2071 1773 2160 semicircula.

230 2235 296 2300 res
331 2216 440 2296 inter
474 2215 549 2295 tria
578 2211 646 2293 illa
679 2213 986 2315 ligamentorum
1009 2212 1092 2294 coli
1116 2207 1231 2292 strata
1262 2213 1559 2316 relinquantur,
1591 2213 1769 2304 totidem

228 2350 444 2436 valvulosrs
482 2352 603 2459 plicis
640 2347 831 2458 separata.
916 2351 1093 2435 Omnem
1128 2373 1250 2460 porro
1287 2356 1486 2438 internam
1513 2352 1770 2462 superficiem
1906 2360 1908 2366 ’

231 2462 506 2601 conspicimus
552 2487 754 2576 obsessam
796 2495 974 2577 minimis
1010 2493 1205 2600 glandulis
1240 2495 1473 2602 muciparis,
1526 2497 1633 2580 inter
1672 2520 1770 2604 quas

234 2633 517 2750 disseminatas
537 2631 711 2738 majores
745 2629 1018 2738 offendimus,
1048 2633 1143 2720 dum
1180 2637 1312 2720 omnis
1343 2638 1479 2719 tunica
1508 2637 1768 2726 intimaras·

232 2779 333 2860 culis
363 2776 582 2866 innumeris
613 2776 887 2859 exhalantibus
919 2772 1071 2888 scatet,
1111 2779 1167 2860 ita
1198 2791 1244 2856 ut
1273 2771 1409 2858 fontes
1433 2773 1561 2860 adsint
1596 2781 1764 2882 liquoris

234 2918 341 3022 apti,
370 2933 458 3000 tum
477 2915 528 2998 ad
548 2913 832 3000 moderandam
858 2922 1119 3004 neruulorum
1146 2917 1401 3002 senfilitatem
1413 2977 1428 3022 ,
1456 2935 1545 3002 tum
1566 2917 1616 3000 ad
1644 2923 1765 3022 lubri-

235 3057 380 3140 candas
412 3077 544 3164 partes
578 3061 835 3142 continentes
867 3075 910 3140 et
938 3077 1174 3161 contentas,
1215 3075 1303 3140 tum
1333 3059 1503 3140 maxime
1527 3055 1579 3141 ad
1604 3059 1770 3169 humes·

231 3196 369 3280 tendas
398 3219 487 3300 eas,
517 3217 619 3302 quae
642 3198 775 3308 ¹nimia
807 3183 985 3284 fictitate
1021 3199 1159 3284 forent
1190 3200 1507 3284 molestissimae.

227 3502 293 3554 mr.
312 3483 432 3554 Acar.
464 3483 542 3552 ιιι.
573 3487 631 3557 ιιι.
664 3487 748 3556 ras.
773 3489 819 3557 ν.
848 3489 919 3576 ug.
950 3490 1017 3559 ru.
1047 3492 1365 3577 sammerrrng,
1400 3471 1440 3558 n
1464 3463 1608 3579 'corma
1634 3489 1766 3564 ranan

217 3603 376 3688 fabrica,
405 3601 503 3670 Toni.
531 3603 590 3702 Vl.
615 3609 690 3688 pag.
716 3607 779 3690 316
807 3619 838 3672 ct
861 3605 951 3690 seqq·
