4764 6328
567 471 1076 562 Fasercotns'
1136 473 1450 560 Parnes.
1725 485 1786 586 '15

249 701 562 788 sarbrilissrmisu
595 704 663 808 pia
695 717 822 782 manc
854 699 1030 801 acceptis
1063 697 1265 798 vasculis3
1308 714 1474 803 apparet
1511 719 1663 807 porra,
1699 732 1790 810 quo

247 847 372 932 modo
404 849 502 930 baec
532 849 695 928 vascula
719 842 887 923 ulterius
914 835 1132 943 procedant
1162 861 1290 941 usque
1325 843 1369 921 in
1399 840 1660 927 medullarem
1693 854 1786 934 iari-

246 1008 352 1070 mum
378 983 657 1087 strbsmntiam,
688 986 731 1064 in
753 1005 831 1086 qua
853 979 1019 1086 plurimi
1055 974 1214 1060 abscissi
1246 981 1405 1063 minimi
1434 988 1571 1067 ramuli
1596 1007 1787 1092 apparent

247 1115 331 1213 nou
366 1149 550 1232 tallwm,
591 1131 659 1232 qui
692 1147 769 1231 per
803 1145 892 1206 eam
934 1138 1161 1218 claruerunt,
1203 1141 1343 1202 verum
1375 1123 1499 1205 eriam
1527 1130 1646 1212 multi
1684 1129 1787 1212 adeo

249 1293 392 1355 tenues
416 1291 458 1353 et
483 1267 863 1372 conserti,ut·cum
885 1263 960 1344 lrac
981 1257 1197 1345 substantia
1223 1261 1384 1368 penitus
1407 1265 1599 1374 conjungi
1619 1271 1786 1355 videan-

245 1431 319 1496 tur.
350 1413 517 1496 luserim
543 1433 634 1518 pars
661 1406 860 1515 quaedam
882 1408 1030 1512 exigua
1057 1405 1165 1504 alba,
1190 1423 1256 1487 aut
1275 1427 1416 1510 panna
1438 1413 1614 1494 vasculis
1630 1413 1783 1518 tincta,

114 1563 120 1580 ·
244 1555 451 1664 superesse
472 1552 669 1655 videaur,
697 1556 776 1654 ita,
808 1571 853 1636 ut
884 1567 1078 1629 nontam
1106 1549 1211 1627 olare
1248 1553 1292 1629 in
1317 1547 1389 1632 hec
1420 1554 1566 1655 mone,
1592 1571 1712 1658 amm
1742 1563 1787 1638 in

246 1701 417 1804 egregiis
441 1701 520 1780 illis
551 1696 748 1802 prioribus
772 1708 928 1796 pateat,
953 1713 1003 1770 an
1026 1689 1277 1774 subtilissima
1309 1697 1468 1777 vascula
1488 1697 1576 1798 illa,
1600 1704 1789 1802 quamvis

247 1841 474 1942 innumera,
494 1857 695 1921 transeant
719 1858 791 1942 per
813 1838 915 1918 harre
948 1829 1199 1914 substantiam
1223 1827 1512 1938 medullarem,
1544 1857 1595 1918 an
1620 1861 1718 1921 vero
1743 1847 1787 1923 ln

246 1979 453 2062 subtiliora
484 1997 713 2080 mutentur,
755 1999 858 2080 quae
901 1973 1026 2081 ipsam
1061 1971 1311 2057 substantiam
1351 1971 1584 2058 conficiunt.
1646 1981 1789 2064 Omni·

248 2125 322 2205 bus
341 2140 476 2204 tamen
497 2124 679 2221 collatis,
701 2137 888 2226 apparet,
918 2121 988 2200 vix
1007 2118 1125 2199 ullam
1152 2111 1390 2200 substantiae
1416 2115 1642 2203 medullaris
1671 2127 1790 2206 etiam

247 2266 400 2345 cerebri
432 2265 690 2368 particulam,
726 2260 899 2342 vasculis
928 2255 1186 2366 sanguiseris,
1224 2277 1292 2342 aut
1321 2259 1435 2344 hisce
1463 2263 1696 2365 continuis,
1731 2266 1789 2346 in-

247 2426 391 2488 tactam
425 2405 630 2488 exsistere.

305 2545 496 2651 Superior
530 2541 653 2650 figura
687 2543 788 2626 hanc
817 2543 971 2626 cerebri
995 2545 1233 2649 particulam
1262 2545 1450 2649 exhibet,
1488 2547 1555 2627 ita·
1582 2563 1627 2628 ut
1650 2552 1693 2630 in
1725 2547 1789 2630 su-

246 2683 413 2794 perficie
448 2681 657 2792 'superiore
694 2683 812 2793 hujus
849 2688 979 2767 iconis
1009 2701 1221 2791 appareat,
1261 2689 1435 2770 vasculis
1479 2689 1642 2770 materia
1676 2689 1792 2770 rubra

248 2834 450 2936 impletis,
481 2827 671 2912 ditissima
701 2831 767 2938 pia
790 2849 937 2930 mater,
964 2823 1178 2912 arctissrme
1210 2849 1306 2911 cum
1338 2826 1421 2932 ipsa
1457 2824 1668 2910 substantia
1701 2852 1791 2916 cor·

247 2973 355 3054 ticali
389 2969 623 3053 cohaerens.
684 2970 734 3053 ln
772 2968 845 3050 hac
875 2985 989 3086 parte
1026 2971 1116 3075 piac
1148 2972 1284 3055 matris
1320 2971 1505 3053 nonnulli
1535 2975 1632 3054 rami
1665 2970 1793 3074 majo-

248 3139 310 3197 res
337 3133 525 3218 tanquam
553 3110 718 3215 sontes,
749 3133 801 3192 err
827 3111 974 3214 quibus
1000 3115 1160 3208 minimi
1182 3112 1396 3213 oriuntur,
1425 3131 1510 3194 non
1541 3114 1600 3194 uti
1629 3113 1672 3192 in
1702 3115 1790 3195 aliis

239 3257 424 3360 'partibus
452 3250 593 3338 sensam
624 3250 952 3336 decrescentibus
986 3257 1128 3357 ramis,
1159 3251 1230 3336 sed
1256 3277 1354 3338 mox
1385 3276 1438 3338 ex
1474 3253 1615 3362 maiori
1644 3273 1789 3338 trunco

248 3399 290 3476 in
329 3395 539 3478 exilissrma
572 3397 729 3478 vascula
757 3412 1002 3479 transeuntes
1034 3393 1083 3477 ad
1121 3393 1377 3480 substantiam
1418 3394 1650 3480 corticalem
1689 3419 1788 3476 con-

246 3535 494 3642 spiciuntur,
537 3557 703 3636 eamque
735 3539 899 3639 penitus
934 3535 1128 3620 rubedine
1166 3534 1235 3618 sua
1276 3537 1460 3639 replent,
1500 3539 1575 3636 ita,
1614 3553 1660 3618 ut
1687 3538 1786 3616 haec

245 3698 329 3760 tota
349 3679 542 3776 vasculis,
575 3678 643 3757 vel
664 3674 923 3782 sanguiseris,
956 3680 1025 3760 vel
1054 3679 1169 3759 hisce
1199 3677 1426 3776 continuis,
1456 3674 1522 3756 sed
1551 3675 1790 3757 exilissrmae

249 3821 430 3904 diametri
474 3815 653 3900 constare
699 3815 909 3929 videamr3
959 3822 1043 3902 imo
1078 3822 1121 3901 in
1157 3815 1363 3901 medullari
1400 3814 1610 3900 substantia
1638 3817 1712 3897 hac
1747 3821 1791 3898 in

139 4055 143 4064 ¹
244 3973 357 4070 parte
384 3960 611 4066 speciminis
641 3977 792 4044 tantam
831 3962 1146 4066 contemplamur
1182 3961 1437 4045 vasculorum
1475 3959 1590 4039 rubra
1629 3963 1789 4040 materia

246 4103 530 4207 impleturum,
560 4099 631 4183 sed
654 4100 770 4185 srmul
793 4098 1141 4188 subtilissimorum
1165 4104 1324 4210 copiam
1344 4104 1389 4184 in
1409 4098 1667 4206 conspectum
1688 4098 1785 4182 druc-

245 4261 351 4348 tam,
403 4261 445 4326 et
479 4243 665 4350 fingulari
702 4241 998 4330 distributionis
1035 4247 1195 4330 ratione
1223 4241 1470 4349 praeditam,
1514 4260 1559 4325 ut
1587 4246 1659 4324 viu
1699 4238 1787 4324 fieri

245 4385 443 4488 potuerit,
486 4400 534 4468 ut
566 4386 699 4493 pictor
729 4408 817 4469 earn
847 4406 931 4470 arte
960 4388 1028 4471 sua
1064 4385 1325 4493 significarem
1362 4390 1517 4471 nullum
1538 4403 1672 4468 autern
1699 4383 1788 4466 sere

247 4523 410 4608 dubium
435 4524 641 4631 superest,
671 4531 772 4630 quin
799 4530 895 4611 haec
925 4534 1046 4614 etiam
1066 4533 1281 4614 maximam
1307 4526 1427 4632 ipsrus
1449 4525 1673 4608 medullaris
1696 4523 1789 4606 sub-

246 4663 407 4748 stantiae
438 4686 591 4772 partem
622 4663 851 4750 conficiant.

302 4808 351 4890 ln
376 4810 498 4893 altera
517 4810 635 4894 icone
664 4816 983 4922 contemplamur
1007 4811 1257 4926 superficiem
1283 4807 1553 4916 superiorem,
1588 4824 1664 4912 pro
1698 4830 1789 4913 par·
1819 4925 1829 4932 ·
