4764 6328
581 434 1466 527 FascrcuousPntmuc
1748 419 1830 556 ¹9*

260 685 420 752 morum
439 683 512 771 per
530 681 696 748 omnem
715 659 967 749 substantiam
988 656 1174 746 fibranmr
1194 677 1238 744 et
1259 659 1546 768 expansionem
1561 661 1796 754 tendineam

256 805 373 912 hujus
400 808 602 910 musculi,
633 806 822 911 quoniam
847 799 1092 886 subtilissimi
1106 797 1287 885 vasorum
1310 805 1450 888 ramuli
1473 805 1592 888 etiam
1620 802 1796 891 feliciter

255 945 499 1054 admodum,
545 949 629 1034 srne
666 950 750 1030 ulla
786 946 973 1029 materiae
1003 947 1205 1026 coloratae
1245 941 1443 1027 effusrone
1484 948 1641 1052 impleti
1677 943 1793 1054 appa'-

256 1111 369 1194 rent,
419 1109 461 1172 et
492 1088 547 1172 src
583 1086 778 1172 diversam
815 1089 964 1169 iterum
1003 1083 1300 1169 distributionis
1338 1090 1538 1170 rationem
1574 1087 1793 1174 monstrant

255 1238 304 1316 ab
333 1255 407 1338 ea,
452 1255 553 1338 quae
590 1234 634 1313 in
663 1233 750 1315 aliis
785 1229 1056 1330 membranis,
1084 1245 1153 1311 aut
1187 1229 1231 1308 in
1256 1232 1335 1311 tela
1361 1227 1576 1332 cellulosa,
1607 1253 1708 1334 quae
1741 1233 1790 1312 ab

253 1376 334 1456 hoc
369 1376 554 1457 musculo
582 1369 758 1480 separata
790 1368 897 1470 fuit,
942 1373 1080 1454 locum
1116 1370 1262 1471 habet3
1305 1374 1386 1452 imo
1421 1393 1524 1456 vero
1556 1373 1600 1452 in
1629 1370 1791 1456 diversrs

250 1517 369 1621 hujus
391 1513 569 1622 ejusdem
597 1517 766 1596 musculi
793 1509 975 1618 'partibus
999 1511 1150 1598 diversa
1175 1530 1247 1596 est.
1300 1510 1464 1594 Etenim
1488 1516 1530 1593 in
1549 1528 1659 1616 parte
1687 1537 1791 1596 mus·

251 1659 333 1739 culi
353 1678 494 1738 carnea
517 1653 770 1735 decurrentia
792 1651 885 1768 vasa
905 1653 1205 1774 conspiciuntur
1228 1654 1340 1759 Juxta
1361 1650 1576 1736 fasciculos
1601 1659 1791 1740 minimos

248 1795 432 1882 fibranrm
467 1818 679 1902 earumque
710 1796 897 1879 fabricam
932 1800 1140 1896 intimam,
1182 1813 1229 1878 ut
1254 1817 1340 1908 eam
1371 1796 1573 1894 nutriant,
1617 1794 1791 1878 subtilis-

251 1937 338 2022 fimi
366 1937 467 2024 fines
501 1943 644 2023 intrare
672 1937 886 2038 videntur,
916 1936 1012 2020 dum
1040 1941 1084 2018 in
1109 1937 1350 2044 expansione
1379 1936 1466 2042 ejus
1489 1934 1678 2019 tendinea
1699 1939 1792 2020 lon·

251 2100 299 2182 ge
335 2082 457 2163 alium
489 2099 531 2162 et
567 2082 638 2164 vix
669 2080 805 2162 verbis
841 2075 1183 2182 describendum,
1214 2080 1344 2160 oculis
1376 2099 1476 2160 vero
1509 2082 1614 2160 clare
1648 2076 1786 2163 distin·

248 2217 482 2324 guendum,
514 2218 723 2303 decursum
751 2220 924 2318 habent,
950 2242 1032 2323 quo
1061 2241 1222 2308 omnem
1255 2211 1506 2302 substantiam
1535 2215 1681 2300 finibus
1709 2219 1788 2302 suis

249 2364 372 2444 etiam
403 2366 563 2444 intrant.
624 2362 762 2464 Itaque
798 2359 989 2444 diversam
1026 2357 1257 2442 structuram
1285 2357 1533 2442 vasculosam
1566 2361 1788 2462 organicam

248 2499 439 2584 monstrat
465 2499 656 2584 cellulosa
677 2502 776 2582 haec
805 2505 885 2582 tela
910 2527 931 2582 a
958 2503 1130 2606 partibus
1154 2502 1410 2604 musculosrs,
1436 2503 1576 2606 quibus
1603 2499 1783 2606 adjacet,

245 2663 291 2725 et
322 2643 375 2726 fic
405 2646 449 2724 in
487 2643 674 2728 omnibus
711 2643 889 2748 corporis
924 2641 1105 2748 partibus
1144 2640 1225 2748 ipsa
1259 2643 1359 2722 haec
1394 2639 1608 2724 cellulosae
1636 2637 1786 2724 fabrica

244 2779 345 2863 adeo
372 2779 525 2865 diversa
547 2800 632 2885 est,
662 2806 736 2888 pro
761 2782 936 2886 diverso,
969 2807 1089 2888 quem
1103 2784 1242 2866 habuit
1265 2802 1426 2866 naturae
1440 2784 1618 2884 Auctor,
1635 2782 1783 2890 scopo,

244 2924 287 3006 in
315 2945 405 3006 eam
424 2927 478 3007 ita
502 2921 795 3028 construendo,
823 2945 868 3010 ut
899 2929 1093 3034 partium,
1118 2929 1261 3033 quibus
1292 2924 1444 3008 adnexa
1473 2941 1559 3027 est,
1591 2927 1661 3008 vel
1688 2949 1783 3030 qua·

242 3089 330 3147 rum
369 3066 547 3147 intimam
586 3063 781 3150 fabricam
817 3067 1056 3175 ingreditur,
1118 3067 1395 3152 functionibus
1432 3067 1596 3152 diversis
1622 3068 1782 3174 respon·

246 3205 341 3289 dere
361 3225 402 3288 et
429 3205 619 3291 inservire
645 3211 789 3314 possit,
820 3211 932 3318 quod
951 3235 1199 3317 nequaquam
1222 3235 1244 3292 a
1265 3213 1429 3295 materia
1456 3206 1639 3313 mucosa,
1666 3209 1782 3290 semi-

242 3344 389 3449 fluida,
416 3349 640 3453 inorganica
673 3351 754 3434 dici
777 3373 929 3457 potest.
969 3355 1018 3436 ln
1041 3352 1140 3436 statu
1174 3356 1283 3435 enim
1319 3355 1484 3436 naturali
1511 3353 1612 3433 hanc
1649 3349 1779 3432 diver·

242 3487 396 3571 fitatem
430 3492 656 3572 luculenter
688 3493 737 3575 ad
768 3499 933 3577 oculum
971 3494 1181 3575 observare
1214 3494 1448 3598 possumus;
1500 3489 1639 3570 eadem
1673 3494 1780 3572 enim

241 3629 377 3709 tunica
408 3629 622 3729 cellulosa,
653 3653 753 3733 quae
786 3635 975 3714 extimam
1004 3635 1272 3716 membranam
1310 3635 1538 3713 arteriarum
1572 3627 1778 3713 constituit

241 3785 285 3846 et
314 3770 489 3849 tunicam
519 3775 779 3852 muscularem
809 3773 1054 3876 circumdat,
1111 3780 1155 3858 in
1191 3777 1312 3854 altera
1344 3777 1509 3852 arteriae
1541 3789 1653 3875 parte
1679 3767 1777 3848 den-

240 3907 319 3990 sror
353 3925 394 3986 et
420 3908 582 3989 crassior
614 3927 701 4013 est,
731 3936 849 4017 quam
883 3918 926 3995 in
954 3917 1100 4017 altera,
1132 3917 1286 3997 ratione
1316 3911 1505 4012 roboris,
1531 3907 1642 4012 quod
1665 3908 1776 3990 exse-

239 4071 326 4132 rere
363 4047 505 4152 debet,
536 4067 582 4132 ut
610 4057 791 4135 arteriam
824 4060 867 4138 in
899 4055 971 4138 suo
1001 4057 1147 4140 fimet
1175 4052 1467 4157 compartibus
1500 4051 1647 4134 vicinis
1677 4073 1775 4132 corr-

237 4188 416 4292 junctam
448 4188 599 4291 servet3
627 4213 820 4312 quantum
853 4202 975 4279 etiam
999 4196 1141 4280 differt
1163 4217 1209 4277 ea
1234 4196 1315 4277 tela
1339 4189 1551 4292 cellulosa,
1579 4214 1681 4296 quae
1705 4216 1775 4275 cu-

238 4346 323 4410 tem
359 4330 638 4436 palpebrarum
670 4357 763 4416 curn
799 4343 985 4420 musculo
1025 4339 1239 4420 orbiculari
1279 4335 1386 4415 oculi
1421 4333 1581 4434 nectit,
1620 4335 1669 4415 ab
1702 4355 1778 4433 ea,

237 4489 335 4570 qnae
359 4467 527 4553 similem
559 4478 786 4557 musculum
814 4480 1078 4562 orbicularem
1113 4482 1191 4560 oris
1228 4498 1321 4559 cum
1347 4493 1442 4557 cute
1470 4474 1663 4556 labiorum
1685 4471 1774 4577 jun·

238 4615 321 4712 git;
350 4629 538 4715 quantum
577 4637 644 4719 ea,
676 4641 778 4721 quae
807 4623 911 4701 inter
936 4625 1144 4704 musculos
1179 4615 1403 4699 abdominis
1429 4611 1595 4718 ejusque
1628 4615 1774 4694 cavita-

236 4755 291 4833 tis
320 4766 458 4836 cutem
481 4753 608 4863 postca
629 4777 714 4862 est,
742 4760 791 4840 ab
818 4783 888 4864 ea,
918 4783 1021 4865 quae
1045 4761 1239 4846 mosculis
1261 4759 1416 4864 plantae
1447 4749 1562 4860 pedis
1592 4770 1654 4836 est
1683 4750 1773 4835 sub·

1411 4919 1520 5000 3²²
