4778 6330
570 443 593 497 2
819 407 1947 496 lcouumfiulromrcnuusr.

567 638 663 714 riam
690 631 961 736 pulmonalem
999 627 1167 733 ejusque
1199 625 1443 726 divifiones,
1474 627 1606 709 donec
1642 633 1888 736 pertingeret
1915 627 1964 711 ad
1991 653 2116 714 venas

566 777 710 854 horum
737 774 966 867 viscerum,
1008 785 1051 846 et
1082 767 1217 848 cordis
1248 784 1414 866 utraque
1451 774 1601 850 cavitas
1638 786 1830 874 turgeret.
1897 771 2022 853 Porro
2057 779 2112 855 ita

565 931 813 1019 praeparatae
843 911 916 989 hae
949 929 1081 1011 partes
1115 906 1231 1008 suut,
1272 923 1341 1007 ut,
1381 903 1534 986 sublato
1567 909 1817 1012 pericardi0,
1859 909 1959 992 infra
1996 936 2109 1017 aspe-

563 1076 628 1132 rae
664 1054 828 1131 arteriae
864 1047 985 1130 finem
1020 1046 1319 1152 conspiciantur
1348 1062 1479 1150 partes
1505 1046 1694 1129 abscissae
1723 1049 1972 1154 mediastini,
2009 1079 2109 1156 quae

564 1191 656 1274 vasa
686 1191 835 1297 majora
866 1209 907 1272 et
936 1188 1172 1272 divisionem
1205 1209 1367 1292 asperae
1392 1191 1555 1268 arteriae
1587 1193 1629 1270 in
1656 1190 1850 1273 bronchia
1881 1190 1952 1273 sub
1979 1189 2020 1272 se
2047 1217 2108 1272 re·

565 1331 770 1430 condunt,
798 1355 867 1411 cor
900 1352 1000 1413 vcro
1026 1327 1174 1410 nudum
1202 1344 1414 1432 appareat,
1446 1330 1627 1435 impletis
1650 1332 1772 1434 valis,
1804 1333 1921 1416 rubra
1945 1339 2110 1417 materia

562 1497 738 1578 turgens.
791 1473 838 1556 In
865 1472 981 1578 liujus
1013 1469 1221 1576 superficie
1256 1472 1455 1551 anteriore
1486 1486 1647 1552 notatur
1673 1473 1777 1552 linea
1806 1471 1972 1575 fibrosa,
2003 1497 2110 1578 quae

563 1613 715 1696 indicat
745 1617 902 1712 locum,
943 1613 1012 1693 ubi
1047 1611 1318 1716 sepimentum
1349 1608 1487 1713 adest,
1528 1610 1637 1716 quod
1669 1610 1802 1695 cordis
1837 1619 2109 1699 ventriculum

560 1758 746 1840 dextrum
781 1753 976 1858 majorem
1004 1778 1026 1832 a
1058 1753 1214 1834 firristro
1252 1757 1409 1834 minore
1441 1751 1623 1859 separat,
1682 1752 1778 1836 dum
1812 1755 1971 1836 vascula
2003 1777 2108 1838 non-

557 1899 687 1995 nulla,
717 1895 840 1974 rubro
871 1899 1012 1974 colore
1047 1895 1235 1996 impleta,
1266 1915 1338 1996 per
1364 1890 1619 1998 superficiem
1649 1896 1857 1996 utriusque
1885 1901 2103 1980 ventriculi

557 2039 648 2118 sunt
672 2033 860 2140 dispersa.
897 2033 1003 2114 Vasa
1043 2034 1188 2139 majora
1221 2040 1426 2120 coronaria
1460 2057 1544 2116 non
1571 2037 1740 2116 multum
1770 2039 1956 2117 materiae
1984 2059 2102 2118 acce·

440 2214 442 2218 ·
553 2193 724 2280 petunt,
756 2175 947 2276 quoniam
983 2196 1122 2257 eorum
1153 2176 1329 2278 origines
1359 2173 1452 2257 sunt
1481 2171 1596 2280 supra
1622 2175 1797 2277 valenles
1831 2177 1994 2255 arteriae
2014 2198 2103 2258 aor-

555 2336 618 2396 tac
646 2314 924 2414 semilunares,
964 2339 1066 2416 quae
1097 2316 1249 2399 cedunt
1284 2313 1412 2400 undae
1446 2317 1661 2417 materiae,
1699 2337 1798 2417 quae
1822 2338 1844 2394 a
1869 2318 2101 2397 ventriculo

553 2455 601 2535 ad
625 2458 806 2536 arteriam
830 2459 1014 2560 pellitur,
1046 2477 1087 2538 et
1112 2457 1298 2541 claudere
1331 2457 1433 2538 adeo
1459 2459 1540 2542 hoc
1566 2476 1775 2540 momento
1800 2455 1992 2539 videntur
2016 2461 2119 2552 ori-¹

553 2595 643 2678 ficia
668 2603 984 2704 coronariarumt
1023 2601 1124 2681 haec
1147 2618 1278 2682 autem
1298 2602 1503 2705 accipiunt
1527 2595 1759 2704 sanguinem
1785 2617 1836 2678 eo
1857 2618 2096 2698 momento,

550 2760 631 2840 quo
654 2733 789 2818 arteria
816 2757 924 2820 aorta
956 2739 997 2821 se
1027 2743 1258 2842 contrahit,
1289 2760 1330 2824 et
1355 2743 1513 2846 pressus
1542 2741 1617 2824 hac
1641 2743 1916 2822 contractione
1941 2736 2096 2846 sanguis

552 2884 670 2961 etiam
705 2902 820 2961 cavas
856 2881 1103 2963 valvularum
1138 2877 1372 2986 superficies
1408 2900 1451 2963 et
1483 2879 1635 2965 orificia
1667 2882 1890 2962 arteriarum
1928 2899 2094 2961 corona-

551 3024 692 3098 riarum
719 3018 856 3103 versus
885 3039 1069 3126 urgetur,
1112 3043 1263 3124 eaeque
1295 3022 1375 3103 hoc
1406 3040 1615 3104 momento
1650 3020 1837 3126 sanguine
1862 3024 2091 3127 replentur,

549 3163 610 3239 uti
642 3163 683 3240 ira
706 3166 986 3263 experimento
1021 3166 1245 3244 anatomico
1283 3164 1525 3266 implentur,
1561 3162 1590 3245 sr
1625 3166 1790 3246 materia
1817 3163 1989 3244 colorata
2023 3185 2090 3243 ce-

549 3323 660 3378 racea
680 3303 723 3380 in
748 3319 925 3403 aortam,
958 3299 1187 3406 retrogrado
1216 3321 1355 3403 motu,
1384 3325 1456 3385 cor
1477 3301 1611 3386 versus
1634 3305 1875 3407 impellitur.
1901 3302 1948 3382 In
1973 3302 2090 3408 supe-

549 3447 651 3525 riore
674 3441 805 3523 cordis
824 3443 969 3524 finistri
1000 3462 1132 3547 parte,
1165 3448 1271 3524 inter
1296 3447 1499 3548 pulmonis
1522 3440 1772 3548 superficiem
1795 3441 1988 3543 incisam,
2022 3464 2091 3543 ap-

544 3601 652 3687 paret
681 3586 814 3688 portio
843 3585 1037 3665 auriculae
1067 3585 1267 3686 finistrac,
1299 3587 1420 3670 etiam
1448 3585 1621 3672 immissa
1652 3583 1758 3666 rubri
1786 3587 1934 3666 coloris
1964 3603 2088 3664 mate·

543 3733 597 3808 ria
625 3725 877 3831 conspicua·

496 3913 498 3918 ·
597 3868 646 3948 ln
681 3871 941 3972 pulmonibus
970 3887 1105 3950 autem
1142 3869 1225 3984 sese
1261 3869 1545 3974 conspicienda
1576 3871 1672 3948 haec
1708 3869 1918 3950 exhibent.

604 4015 652 4088 1⁰.
684 4005 1081 4112 Superficiesomnis
1111 4027 1286 4089 externa·
1308 4013 1445 4090 colore
1474 4011 1664 4090 coeruleo
1702 4007 1805 4091 satis·
1823 4008 2088 4108 aequabiliter

541 4154 667 4229 tincta
702 4164 790 4248 est,
840 4143 952 4250 quod
985 4145 1165 4252 indicat,
1217 4152 1320 4234 hanc
1358 4153 1566 4234 materiem
1597 4147 1771 4232 feliciter
1810 4146 1860 4230 ad
1897 4151 2080 4232 omnium

539 4291 731 4372 canalium
749 4287 1010 4372 abriferorum
1032 4308 1075 4372 et
1099 4294 1332 4376 cellularum
1357 4311 1565 4377 extremos
1585 4290 1683 4374 fines
1705 4289 1940 4398 perductam
1962 4288 2079 4390 esse,

538 4432 736 4534 usquein
766 4427 836 4512 suo
867 4429 1038 4514 decursu
1067 4433 1182 4514 ullibi
1212 4437 1465 4542 irregularem
1498 4435 1732 4520 effufionem
1754 4431 1841 4516 esse
1870 4431 2037 4539 passam.
2068 4517 2076 4544 ‚

596 4577 648 4654 αἱ
678 4573 895 4676 Postquam
936 4573 1132 4657 incisione
1175 4572 1389 4682 superioris
1439 4576 1568 4660 dextri
1608 4575 1810 4684 pulmonis
1857 4574 1940 4656 lobi
1986 4595 2079 4678 pars

537 4711 726 4815 quaedam
761 4715 863 4800 esset
893 4715 1064 4819 sublata,
1110 4718 1201 4824 ejus
1245 4725 1426 4804 internae
1463 4715 1695 4802 substantiae
1735 4715 1925 4799 structura
1957 4736 2078 4823 appa-
