4728 6338
890 195 891 199 Ἰ
900 127 923 178 0

497 433 1059 538 ‚rr-sereonas
1113 428 1482 525 Tarentus.
1747 449 1802 562 73*
1881 430 1894 461 ⁰

250 651 459 763 conaelle,
488 653 707 760 videmus,
737 659 950 766 ingentem·
978 661 1257 768 vasculorum,
1295 659 1541 766 separatione
1575 641 1799 754 tunicarum

255 801 542 904 tbsciisorum,
577 821 785 882 numerum
826 798 1248 904 omnitenentem,
1283 818 1372 884 tum
1398 804 1658 910 temlerum,
1695 831 1797 912 quae

137 953 140 958 '
249 965 308 1024 err
341 941 556 1028 vaccttloso
586 960 739 1025 nervea
764 937 816 1022 ad
842 937 1032 1022 villosam·
1062 941 1333 1028 membranam
1374 949 1614 1047 mittuntur;
1659 952 1792 1032 nullae

248 1083 352 1169 mihi
383 1105 502 1187 vero,
531 1086 710 1188 quamvis
741 1078 1045 1186 diligentissime
1071 1088 1309 1186 quaerenti,
1336 1107 1603 1191 appararemnt
1632 1088 1794 1196 glandu-

246 1225 337 1328 lae,
366 1245 502 1330 neque
530 1227 575 1308 in
607 1221 689 1332 ipsa
720 1216 934 1306 vasculoso
969 1233 1117 1306 nervea
1149 1249 1212 1307 eas
1247 1225 1441 1334 detegere
1469 1236 1604 1336 potui.
1662 1231 1791 1316 Vide·

246 1384 385 1448 rentur
430 1366 594 1471 quidem
634 1369 767 1472 primo
811 1366 958 1448 intuitu
998 1363 1140 1450 adesse
1181 1371 1304 1451 multa
1346 1376 1596 1476 corpuscula¹
1627 1371 1796 1456 rotunda

245 1510 350 1589 inter
382 1507 567 1591 vasorum
595 1506 791 1612 majorum
824 1500 1033 1586 interstitia
1063 1504 1267 1613 dispersa;
1296 1513 1538 1593 accuratiore
1564 1535 1664 1594 vero
1697 1535 1788 1594 exa·

245 1653 357 1733 mine
389 1651 491 1732 mihi
524 1652 678 1753 patuit,
707 1648 807 1729 haee
833 1641 918 1727 esse
944 1645 1141 1750 producta
1173 1671 1246 1756 per
1272 1646 1440 1732 abscissa
1469 1653 1651 1752 vascula,
1682 1673 1783 1754 quae

242 1808 333 1870 ante
369 1773 659 1895 separationem
688 1809 781 1867 cum
804 1787 942 1868 intima
974 1789 1109 1904 tunica
1140 1789 1438 1891 cohaerebant;
1468 1789 1696 1873 distributio
1718 1815 1783 1874 au·

240 1951 324 2014 tem
357 1929 540 2017 vasorum
575 1952 649 2034 pet
679 1927 850 2011 mediam
887 1926 988 2007 hanc
1030 1930 1208 2011 tunicam
1241 1929 1451 2012 vasculoso
1482 1953 1673 2015 nerveam
1708 1932 1782 2013 hac

241 2077 285 2155 in
314 2077 436 2156 icone
470 2075 632 2180 egregie
664 2068 937 2174 conspicitur;
966 2072 1071 2152 clare
1103 2073 1213 2178 enim
1241 2072 1307 2153 hic
1335 2091 1526 2179 apparent
1551 2089 1778 2156 anastomo-

238 2211 331 2316 ses,
361 2237 458 2320 quas
483 2208 590 2296 in'ter
613 2211 654 2294 se
680 2212 834 2304 habent
863 2211 1072 2315 utriusque
1095 2214 1229 2295 lateris
1255 2215 1438 2296 intestini
1455 2209 1505 2292 ad
1525 2209 1565 2294 se
1583 2212 1779 2303 acceden-

236 2372 300 2436 tes
331 2356 450 2458 rami,
485 2352 580 2436 dum
620 2355 779 2435 vicinus
809 2355 1038 2434 arteriarum
1065 2370 1107 2435 et
1131 2353 1328 2437 venarum
1352 2351 1540 2436 decursus
1580 2349 1779 2436 distinctis

233 2494 440 2576 coloribus
471 2490 772 2576 demonstratur.

289 2633 354 2715 lta
394 2657 496 2718 vero
539 2635 749 2738 hucusque
792 2636 837 2716 in
885 2635 1230 2740 contemplatione
1287 2637 1432 2718 canalis
1489 2636 1775 2717 intestinorum
1827 2723 1830 2728 ,

232 2793 366 2878 neque
397 2773 853 2878 Brunnerianae,
885 2797 1015 2880 neque
1048 2775 1579 2862 Luberkhunianae
1610 2772 1772 2880 glandu-

228 2911 348 2995 ‹lulae
383 2913 484 2998 mihi
519 2932 807 3020 apparuerunt,
855 2935 897 2998 et
943 2924 1072 3002 omnis
1120 2922 1401 3001 intestinorum
1441 2913 1632 2998 structura
1675 2912 1771 2998 solis

229 3057 466 3140 membranis
508 3075 551 3138 et
590 3060 765 3139 vasculis
796 3057 1059 3143 subtilissrmis
1093 3057 1314 3164 composrta
1343 3055 1425 3139 visa
1462 3075 1548 3156 est3
1600 3054 1766 3137 sivero

228 3193 464 3282 inferiorem
494 3189 562 3282 ilei
591 3202 774 3282 intestini
802 3217 957 3302 partem
983 3203 1056 3281 rite
1092 3200 1352 3280 examinatam
1379 3196 1583 3300 exhibc0,
1613 3197 1768 3302 patebit

186 3385 192 3400 =
228 3338 296 3420 hic
327 3342 451 3444 longe
485 3341 559 3422 alia
593 3344 746 3422 ratione
777 3338 863 3425 usui
904 3337 1021 3445 hujus
1047 3342 1173 3445 ¹partis
1205 3335 1452 3442 prospexisse
1484 3342 1665 3421 omnium
1705 3360 1767 3418 re·

229 3499 317 3557 rum
353 3475 682 3583 sapientissimum
721 3483 983 3583 Creatorem,
1014 3499 1055 3564 et
1087 3501 1225 3562 verum
1267 3479 1380 3577 esse,
1424 3480 1542 3558 etiam
1575 3479 1618 3556 in
1653 3477 1765 3558 hisce

227 3611 448 3701 formandis
476 3621 653 3724 partibus
680 3643 764 3701 non
787 3644 860 3727 per
885 3622 1050 3724 saltum,
1074 3619 1146 3702 sed
1173 3622 1285 3701 lento
1310 3613 1455 3723 gradu,
1485 3633 1663 3697 naturam
1691 3616 1765 3694 alia

224 3745 378 3838 ratione
402 3753 572 3840 formam
595 3763 767 3865 panium
801 3781 968 3845 mertare.

193 3969 195 3974 .
278 3895 436 3982 Pa'tebit
463 3903 578 3982 ,enim
610 3903 652 3982 in
685 3899 866 4006 sequenti
884 3997 887 4006 f
904 3899 1132 4005 fasciculo,
1176 3899 1291 4006 cuius
1319 3901 1414 3980 icon
1448 3895 1576 4002 prima
1603 3899 1758 4000 portio·

221 4056 315 4117 nem
352 4040 537 4122 intestini
574 4043 643 4126 ilei
693 4039 928 4127 inferiorem
964 4062 1194 4151 proponet,
1237 4058 1465 4147 apparatum
1491 4037 1758 4144 glandularum

221 4175 361 4260 senfim
392 4185 486 4265 oriri
520 4201 561 4266 et
598 4186 822 4268 increscere
856 4209 909 4268 eo
942 4190 1095 4293 magis,
1138 4207 1221 4289 quo
1255 4199 1471 4264 contentae
1507 4182 1551 4262 in
1585 4179 1661 4260 hac
1697 4180 1757 4261 in-

220 4320 360 4401 teatini
386 4323 576 4426 portione
612 4321 822 4409 solidiores
849 4347 980 4435 partes
1013 4332 1316 4423 alimentorum,
1350 4321 1570 4426 exquibus
1597 4317 1777 4426 sinidio-4

220 4481 285 4542 res
316 4485 411 4546 cum
438 4464 564 4570 chylo
594 4461 745 4548 solutae
782 4490 824 4551 et
855 4468 1160 4552 absorbentium
1190 4462 1371 4550 vasorum
1396 4465 1556 4544 actione
1582 4456 1754 4542 sublatae

218 4595 335 4704 liant,
379 4601 579 4709 tefiduae,
616 4629 738 4708 muco
768 4606 920 4695 obduci
954 4608 1127 4714 debent,
1179 4625 1225 4691 ut
1259 4608 1420 4688 actione
1452 4603 1623 4707 partium
1652 4599 1752 4684 adeo

1437 4760 1510 4842 ιο,
1541 4762 1564 4822 a
