4764 6328
610 471 688 548 m.
869 440 1181 528 lcouuu
1236 439 1911 526 Auarourcaauu

611 673 685 748 n'ae
719 679 910 749 externae
942 640 1215 748 adhaerentes
1228 657 1556 766 conspiciunnu,
1579 683 1754 766 'quorum
1777 666 2031 752 vasadorum
2057 664 2142 752 fon·

610 827 674 892 tcs
700 805 790 892 sunt
818 829 961 914 parvae
1000 809 1161 890 arteriae
1183 804 1412 910 splenicae,
1427 818 1478 883 et
1499 803 1544 884 in
1568 797 1712 884 dextro
1736 805 1858 886 latere
1882 827 2014 889 ramus
2042 825 2144 890 arte·

611 951 691 1028 riae
717 945 981 1049 duodenalis‚
1009 945 1108 1029 dum
1132 948 1335 1060 venulae,
1360 943 1474 1026 hisce
1498 939 1661 1048 sociae,
1686 962 1783 1028 eunt
1815 943 1867 1030 ad
1895 943 2147 1096 splenicarn,

542 1156 547 1162 .
610 1085 878 1172 arrodenalem
898 1105 952 1170 ct
977 1105 1131 1193 gastro-
1115 1087 1398 1192 -epiploicam

668 1226 743 1311 Uti
770 1246 903 1310 autem
932 1231 972 1311 iu
1013 1229 1076 1313 his
1110 1226 1362 1333 corpusculis
1385 1239 1449 1306 est
1470 1216 1563 1306 finis
1596 1225 1864 1310 artenolarunr
1890 1232 2145 1314 minimarum

612 1385 652 1452 et
683 1371 842 1453 initium
861 1391 1086 1473 venarum,
1116 1369 1170 1453 src
1194 1387 1354 1473 quoque
1381 1367 1426 1447 in
1443 1362 1587 1448 iisdem
1613 1385 1678 1448 est
1703 1367 1864 1450 initium
1890 1362 2146 1494 ductulorum

611 1510 932 1611 secernentium,
968 1534 1140 1615 quorum
1174 1503 1447 1614 progressus
1436 1526 1481 1586 ιιι
1514 1493 1604 1613 Fig.
1632 1533 1671 1592 n.
1701 1505 1956 1606 monstratum
1997 1482 2144 1593 namfi

610 1653 783 1757 singulos
802 1652 982 1756 lobulos,
1005 1673 1056 1734 ex
1080 1652 1225 1755 quibus
1252 1667 1380 1732 totum
1406 1668 1596 1766 pauescas
1620 1650 1908 1753 componitur,
1936 1637 2146 1756 praemissa

611 1795 862 1876 vmnuorum
886 1796 1127 1900 impletione
1144 1789 1394 1876 subtilissima
1415 1792 1602 1890 numeria,
1622 1785 1714 1874 satis
1735 1787 1918 1898 diligenti
1945 1813 2039 1874 cura
2063 1811 2146 1872 exa·

608 1937 828 2036 minumus,
854 1932 1114 2017 subtilisstma
1150 1933 1313 2017 vascula
1353 1933 1591 2036 corpuscula
1617 1929 1831 2034 cullulosa5
1858 1931 1943 2016 save
1981 1935 2143 2031 acinos,

607 2074 780 2158 formare
802 2073 1034 2175 videntur,
1052 2079 1121 2178 qui
1148 2095 1197 2152 ex
1218 2076 1412 2180 congerie
1437 2068 1579 2156 fimum
1606 2073 1907 2178 arteriolarum,
1925 2075 2140 2179 originum,

610 2239 799 2300 senarum
823 2233 944 2319 atque
975 2214 1231 2298 ductulorum
1266 2213 1574 2297 secretoriorum
1600 2209 1795 2297 videntur
1826 2219 2048 2348 componi,
2076 2219 2142 2319 qui

611 2353 797 2438 ductuli
787 2373 1039 2459 increscunt,
1064 2360 1125 2439 uti
1148 2377 1300 2459 venae,
1325 2373 1369 2436 et
1398 2351 1623 2438 crescendo
1658 2357 1784 2463 magis
1804 2359 2010 2462 magisque
2048 2341 2146 2442 inse

610 2513 748 2580 rantur
774 2494 916 2579 ductui
942 2517 1084 2603 magno
1110 2501 1237 2602 eique
1267 2496 1448 2581 haustum
1466 2514 1524 2576 ex
1552 2496 1824 2578 arteriolarum
1852 2493 1999 2579 finibus
2022 2497 2146 2601 liquo

467 2738 471 2746 v
615 2659 702 2718 rem
725 2633 896 2720 tradunt.

668 2776 847 2860 Secunda
879 2776 1004 2884 figura
1025 2785 1230 2865 internam
1271 2777 1459 2867 fabricam
1489 2784 1710 2888 pancreatis
1745 2717 1799 2862 ou
1842 2781 1984 2862 oculos
2020 2783 2146 2886 ponit.

610 2919 823 3004 Praemisso
852 2921 1090 3025 impletione
1119 2921 1264 3005 ductus
1295 2927 1539 3030 pancrcatici
1561 2945 1641 3029 ope
1666 2922 1857 3004 materiae
1884 2922 2024 3004 rubrae
2052 2919 2144 3027 spis·

611 3061 694 3164 sae,
736 3059 827 3146 satis
866 3067 969 3147 clare
1007 3062 1096 3169 ejus
1141 3064 1327 3168 habitus,
1384 3069 1500 3170 origo
1547 3085 1590 3145 et
1629 3059 1861 3169 progressus
1913 3064 1957 3145 iu
1997 3065 2149 3146 interna

531 3279 534 3288 .
614 3201 731 3306 hujus
762 3203 971 3311 glandulae
992 3203 1233 3310 substantia,
1267 3205 1450 3313 conspici
1473 3221 1640 3311 potest3
1667 3201 1697 3284 fi
1726 3201 1837 3284 hunc
1868 3199 2034 3284 ductum
2071 3223 2146 3308 ope

611 3347 798 3428 mercurii
832 3350 1072 3452 implemus,
1101 3369 1242 3430 omnes
1261 3346 1351 3452 ejus
1378 3341 1649 3428 subtilissimae
1673 3338 1891 3428 divisiones
1910 3361 1954 3424 et
1974 3343 2147 3452 origines

613 3481 719 3570 forte
752 3489 899 3572 melius
929 3490 1089 3594 impleri
1122 3485 1314 3594 possunt,
1343 3489 1531 3591 quonlam
1555 3486 1636 3567 hoc
1659 3481 1830 3567 fluidum
1854 3463 2150 3568 subtilissimum

613 3647 653 3708 et
689 3630 956 3733 gravissimum
977 3631 1049 3714 srbl
1073 3651 1149 3734 per
1174 3629 1413 3712 exilissunos
1437 3629 1597 3712 canales
1624 3621 1742 3710 viam
1757 3625 1937 3728 invenit,
1964 3627 2048 3706 imo
2072 3619 2150 3708 for-

612 3787 653 3848 te
686 3767 879 3854 etiamad
906 3765 1014 3853 aliud
1033 3767 1213 3874 systema
1238 3770 1514 3870 vasculorum,
1548 3785 1615 3850 aut
1639 3766 1875 3886 cellularum
1907 3766 2072 3868 mosae,
2110 3785 2149 3846 er

534 3961 536 3966 .
596 3909 664 4022 ita
689 3917 732 3995 in
762 3912 1039 4015 disquisitione
1069 3910 1349 4013 ductulorum‚
1379 3933 1482 4015 quos
1511 3912 1739 3992 examinare
1761 3907 1980 4008 volumus,
2011 3897 2151 3987 confu-

615 4039 766 4130 sionem
792 4049 931 4153 posset
954 4073 1117 4155 parare3
1145 4068 1377 4157 practerea,
1405 4055 1589 4166 quamvis
1611 4072 1698 4134 non
1717 4053 1795 4134 alia
1812 4050 1972 4130 vascula
1994 4065 2149 4154 peteret

617 4190 859 4289 mercurius,
885 4211 1005 4290 quarn
1040 4211 1141 4296 quae
1172 4217 1264 4277 eum
1301 4198 1344 4276 in
1368 4193 1492 4278 linem
1516 4194 1664 4297 repleri
1699 4192 1899 4289 velimus,
1928 4192 1974 4271 in
2006 4185 2151 4272 dissec-

617 4330 729 4406 tione
754 4325 987 4431 glandulae,
1027 4351 1131 4434 quac
1162 4330 1312 4420 institui
1347 4335 1498 4438 debet,
1545 4353 1593 4420 ut
1630 4335 1750 4416 etiam
1788 4328 1961 4433 maiores
1989 4319 2151 4424 truncos

618 4469 762 4550 ductus
794 4467 918 4572 ipsrus
964 4489 1006 4554 et
1039 4469 1212 4579 denique
1246 4475 1411 4562 ductum
1452 4478 1685 4584 capitalem
1705 4477 1750 4558 in
1784 4467 2051 4575 conspectum
2083 4467 2154 4552 du-

618 4628 713 4686 cere
736 4603 955 4712 possmus,
996 4607 1166 4698 difficilis
1183 4613 1412 4704 admodum
1444 4618 1492 4703 fit
1524 4619 1613 4702 talis
1647 4617 1916 4722 praeparatio,
1959 4610 2034 4694 nili
2068 4613 2152 4716 quis

618 4765 726 4836 tanta
750 4745 984 4835 dexteritate
1013 4753 1064 4840 stt
1092 4755 1324 4866 praeditus,
1352 4779 1399 4847 ut
1429 4757 1501 4853 suo
1532 4759 1702 4846 cultello
1737 4757 1871 4842 urnula
1901 4755 2063 4859 puncra'
2083 4751 2152 4834 mi·
