4728 6338
621 463 675 549 82
879 455 1197 543 Icouuu
1266 452 1932 540 Aunnoturcnnuu

614 683 765 766 horum
793 681 1104 788 ligamentorum
1129 673 1400 784 conspicitur,
1429 673 1525 760 dum
1552 676 1667 758 tertia
1694 673 1883 783 processu
1907 673 2141 764 vermiformi

612 829 793 932 tegitur3
821 819 935 904 striae
961 818 1275 902 semicirculares
1308 819 1411 900 inter
1430 819 1518 900 illas
1550 817 1673 922 plicas
1707 813 1870 922 adsunt,
1914 815 2055 922 quibus
2084 845 2148 928 pa·

619 961 702 1068 tet,
733 960 944 1066 quomodo
975 964 1019 1042 in
1043 961 1166 1044 cellas
1192 981 1276 1066 ope
1297 980 1442 1043 conam
1474 961 1780 1066 ligamentorum
1806 961 1962 1042 interna
1985 958 2145 1045 substan·

617 1108 674 1188 tia
698 1107 883 1189 intestini
907 1101 1113 1189 dividitur.

676 1243 760 1326 Sub
791 1244 864 1325 hac
895 1247 1031 1326 tunica
1063 1245 1212 1352 extima
1242 1240 1349 1348 jacet
1369 1239 1588 1342 cellulosa,
1616 1239 1732 1346 cujus
1754 1264 1835 1350 ope
1860 1265 1953 1326 cum
1976 1241 2047 1350 ipsr
2068 1241 2144 1328 sub·

617 1387 726 1494 jecta
750 1389 885 1470 tunica
915 1387 1125 1468 musculari
1158 1386 1357 1483 nectitur,
1388 1377 1483 1464 dum
1507 1403 1583 1486 per
1602 1382 1705 1464 hanc
1732 1379 1971 1467 distributus
1995 1403 2144 1489 apparet

611 1530 755 1634 ingens
790 1525 1043 1626 uasculorum
1076 1521 1394 1631 sanguiferorum
1443 1545 1656 1626 numerus,
1696 1545 1867 1628 quorum
1900 1529 2052 1627 trunci,
2099 1549 2145 1608 ex

613 1671 758 1753 arteria
786 1667 1048 1754 mesenterica
1083 1664 1277 1749 inferiore
1306 1684 1349 1748 et
1370 1663 1619 1749 mesocolica
1651 1662 1835 1766 oriundi,
1862 1661 2035 1768 majores
2065 1663 2144 1748 suos

615 1829 746 1892 ramos
772 1814 905 1914 primo
923 1806 1087 1892 tradunt
1109 1809 1267 1890 tunicae
1297 1805 1416 1913 hujus
1440 1807 1624 1891 intestini
1648 1803 1860 1926 vasculoso
1879 1807 2142 1913 nerveo·glan·

614 1950 800 2056 dolosae,
840 1973 894 2034 ex
932 1972 1012 2055 qua
1044 1948 1209 2032 demum
1234 1951 1413 2032 minores
1443 1968 1516 2054 per
1541 1947 1807 2038 muscularem
1838 1943 2141 2049 distributum,

473 2081 476 2086 ’
615 2093 853 2194 minimique
893 2091 995 2172 hanc
1031 2107 1237 2173 transeunt
1276 2108 1320 2173 et
1361 2091 1429 2174 hic
1477 2088 1768 2198 elegantissimo
1809 2086 2042 2196 spectaculo
2080 2111 2142 2197 pet

612 2231 845 2317 cellulosam
876 2236 1120 2318 exteriorem
1156 2253 1199 2315 et
1225 2237 1418 2316 extimam
1445 2229 1611 2338 dispersa
1644 2248 1865 2338 apparent,
1905 2247 1954 2318 ut
1986 2228 2144 2338 denique

620 2379 665 2458 in
695 2375 924 2458 exhalantes
965 2377 1240 2458 terminentur.
1298 2372 1610 2480 Praecipuorum
1645 2395 1746 2458 vero
1777 2375 2023 2458 ramulorum
2055 2371 2142 2460 divi

614 2517 676 2600 sro
706 2517 776 2600 hic
800 2511 1073 2624 conspicitur,
1096 2517 1224 2626 longe
1251 2514 1405 2600 diversa
1433 2515 1484 2598 ab
1507 2537 1576 2619 ea,
1605 2520 1775 2620 quaein
1800 2517 2009 2608 intestinis
2031 2517 2143 2600 tenui·

617 2655 695 2738 bus
722 2656 906 2760 obtinet,
948 2678 1048 2762 quae
1073 2659 1211 2742 similis
1241 2657 1442 2742 diversitas
1470 2665 1591 2744 etiam
1622 2660 1839 2766 praecipue
1871 2659 2011 2744 iocum
2037 2657 2143 2750 hibet

610 2799 662 2880 in
685 2795 770 2906 ipsa
794 2805 933 2884 tunica
957 2799 1380 2905 veternoso-nemea,
1417 2823 1471 2882 ex
1497 2823 1576 2906 qua
1602 2805 1727 2885 ctiam
1746 2801 1869 2884 altera
1894 2821 1986 2909 parc
2018 2815 2144 2886 canuc

617 2941 806 3034 culorum
840 2943 1098 3028 minimorum
1123 2941 1285 3050 prodit,
1314 2965 1415 3049 quae
1450 2940 1500 3024 ad
1528 2947 1710 3029 intimam
1742 2939 1927 3026 villosam
1954 2945 2002 3028 in
2027 2942 2142 3028 temo

622 3081 728 3186 bus3
756 3085 959 3169 mucosum
993 3108 1127 3188 vero,
1165 3090 1237 3171 vel
1263 3083 1472 3194 fungosam
1506 3088 1669 3194 potius,
1709 3089 1754 3171 in
1779 3085 1853 3178 hac
1875 3102 1997 3193 ,pane
2025 3083 2143 3174 dicen:-

615 3221 713 3306 dam
739 3223 897 3335 transit,
925 3227 987 3310 uti
1018 3227 1206 3313 iconibus
1222 3226 1488 3334 sequentibus
1518 3231 1689 3317 ulterius
1707 3226 2004 3312 ‚iilurtrabiaut-
2063 3263 2071 3270 ·
2126 3259 2135 3301 =.
