4728 6338
567 400 1552 504 Fnse1euuus'i'rnruur.··
1766 427 1817 538 σι

695 849 1623 998 anuuuamu''

259 1249 265 1258 ’
326 1301 685 1390 tarantum
722 1301 963 1389 aarum
1002 1273 1260 1393 uxorati
1302 1305 1757 1398 auraemalae:
1808 1349 1812 1360 ·

329 1711 588 1861 Diversum
625 1749 736 1856 eerte
777 1790 821 1855 et
865 1795 952 1856 non
994 1775 1190 1878 ingratum
1226 1775 1462 1885 adspectum
1496 1773 1617 1858 offert
1655 1778 1813 1884 pictura

268 1916 432 1996 tunicae
465 1921 637 2000 extimae
666 1913 848 2022 eiusdem
875 1915 1074 2020 portionis
1102 1917 1281 2001 intestini
1309 1917 1466 2024 jejuni,
1507 1919 1556 1998 ab
1588 1939 1661 2020 eo,
1690 1940 1815 2022 quem

272 2057 316 2136 in
351 2055 619 2161 praecedente
653 2058 786 2140 tabula
819 2053 971 2152 fuimus
1002 2060 1277 2163 contemplati.
1337 2061 1485 2142 Glabra
1521 2061 1622 2142 haec
1656 2075 1720 2147 est
1751 2077 1813 2141 tu-

268 2199 397 2300 nica,·
431 2199 610 2304 simplex·
638 2221 828 2304 quoque,
856 2199 887 2284 s1
913 2223 1001 2282 eam
1027 2197 1243 2306 separatam
1269 2223 1292 2281 a
1320 2197 1620 2308 subjacentibus
1655 2185 1813 2306 conspi-

267 2341 422 2436 cimus;
454 2339 674 2446 composita
709 2361 809 2422 vero
848 2338 1064 2422 admodum
1099 2338 1263 2425 videtur
1296 2340 1366 2424 sua
1399 2341 1687 2449 conjunctione
1718 2315 1812 2425 cum

268 2461 460 2586 reliquis,
493 2487 675 2584 quamvis
696 2481 780 2586 ipsa
807 2503 966 2564 revera
990 2481 1158 2588 simplex
1183 2483 1231 2566 stt
1257 2486 1481 2590 peritonaei
1504 2482 1718 2591 productio
1749 2502 1811 2564 te-

268 2631 404 2726 nuior,
459 2647 559 2728 quae
595 2621 802 2730 pellucida
841 2641 930 2727 est,
975 2642 1017 2702 et
1056 2624 1131 2706 hac
1168 2622 1264 2708 dote
1301 2623 1555 2732 subjacentes
1597 2631 1813 2733 particulas

266 2764 408 2848 summi
449 2771 649 2852 momenti
674 2767 898 2872 ,contegit‚
929 2760 1116 2868 defendit
1142 2781 1184 2847 et
1211 2770 1255 2851 in
1287 2763 1398 2871 justo
1423 2767 1500 2850 litu
1526 2764 1673 2850 servat.

253 2961 276 2974 ··
319 2905 454 2992 Primo
500 2911 597 2991 loco
643 2931 770 2994 venas
813 2910 995 2992 coerulei
1036 2908 1183 2990 coloris
1237 2911 1397 3018 materia
1443 2907 1696 2994 subtilisstma
1736 2912 1810 2990 im-

267 3055 419 3156 pletas,
458 3050 757 3136 arbuscularum
796 3053 839 3134 in
870 3046 1032 3132 modum
1067 3047 1159 3132 suos
1197 3051 1374 3136 ramulos
1411 3047 1721 3158 dispergentes,
1764 3067 1810 3128 ea

263 3216 390 3298 aeque
427 3217 502 3300 per
540 3196 783 3292 muscularis
800 3194 959 3274 tunicae
995 3192 1243 3282 tenuissimas
1275 3191 1390 3276 fibras
1427 3217 1473 3278 ac
1508 3218 1583 3302 per
1622 3195 1810 3292 extimam

264 3337 366 3416 hane
400 3338 690 3454 membranam,
707 3332 901 3438 diluuidas
935 3336 1127 3438 exhibet,
1166 3334 1280 3448 unde.
1311 3356 1451 3443 patet,
1499 3333 1612 3424 fibras
1647 3356 1808 3449 museu-

250 3480 380 3562 -lares¹
404 3481 446 3558 in
471 3478 561 3594 hoe·
584 3480 780 3582 intestino
802 3478 933 3558 multo
961 3483 1170 3562 tenuiores
1202 3477 1319 3580 esse,
1363 3480 1560 3580 quamvin
1590 3475 1807 3576 duodeno;

241 3622 411 3708 :trunci-
431 3621 554 3718 enim,
570 3617 753 3738 uasorum
792 3621 992 3725 praecipui
1029 3615 1101 3701 sub
1144 3621 1283 3700 tunica
1314 3619 1528 3700 masculari
1556 3619 1601 3699 in
1624 3617 1806 3714 vasculo-

262 3757 306 3840 so
339 3771 488 3854 neryea
518 3764 806 3862 continentur,
846 3781 898 3841 ex
929 3778 1121 3863 quatum
1158 3757 1444 3844 introrsumad
1470 3757 1565 3864 iuga
1599 3756 1805 3846 valvuiosa

246 3917 303 3986 et
329 3903 640 4015 villosfintimae
678 3902 903 3987 exilissrmis
940 3900 1017 3985 suis
1052 3897 1199 3986 finibus
1236 3900 1413 4004 abeunt,
1444 3919 1530 3983 tum
1556 3921 1656 3981 vero
1683 3901 1804 3982 etiam

259 4044 432 4127 ramulos
469 4050 618 4132 tunicis
649 4045 864 4128 musculari
902 4062 943 4124 et
979 4045 1175 4146 extimae,
1208 4040 1280 4128 sed
1314 4043 1446 4126 multo
1482 4042 1629 4124 minori
1660 4045 1800 4148 copia,

261 4184 490 4272 tradunt.
1468 4201 1472 4206 '

238 4377 250 4394 ·
307 4328 460 4416 Porro
455 4240 765 4436 conspinimus
781 4332 954 4413 comites
985 4258 1152 4435 quidem
1185 4351 1381 4412 venarum
1411 4331 1566 4452 truncis
1601 4345 1642 4411 et
1677 4350 1804 4410 mmai·

260 4475 310 4554 lis
339 4476 497 4556 arterias
534 4475 697 4576 mbras,
751 4471 823 4557 sed
858 4477 975 4556 venis
1008 4474 1130 4578 longe
1174 4471 1362 4553 exiliores
1394 4471 1607 4572 minusque
1646 4447 1804 4573 conspi-

238 4636 377 4719 ωε,
403 4620 594 4718 quoniam
625 4638 818 4722 venarum
842 4619 1034 4750 impletio
1053 4605 1375 4732 praecesserat,
1390 4629 1433 4694 et
1455 4611 1690 4732 anastomofi
1708 4625 1803 4695 cum
1865 4647 1869 4658 ·

258 4742 454 4840 arteriolis
494 4759 670 4843 minimis
682 4755 881 4846 multos
901 4763 1024 4846 etiam
1063 4743 1349 4902 artesiolarum
1378 4723 1571 4921 ramulos
1582 4747 1802 4909 tenuiores
