4764 6328
532 411 539 418 ’
630 437 681 504 22
879 408 1198 496 Icortou
1252 407 1918 500 Auarourcaauu

1068 901 1737 994 TABULAVI.

645 1270 801 1360 vlam
842 1264 1278 1358 damaratum
1316 1269 1414 1352 ΕΤ
1453 1267 1779 1359 ORGANUM
1815 1275 2154 1369 OLFACTUS.

1066 1605 1574 1693 FIGURA.
1663 1613 1695 1693 Ι.

671 1989 983 2136 Nitidissrma's
1019 2041 1048 2122 st
1081 2037 1198 2140 hujus
1234 2036 1388 2116 tabulae
1429 2039 1567 2117 icones
1610 2043 1840 2143 intuemur,
1895 2042 2148 2145 videbimus,

617 2189 741 2268 finem
772 2187 815 2264 in
847 2177 1118 2288 praeparando
1166 2175 1418 2282 specimine,
1460 2182 1584 2282 prima
1612 2177 1732 2284 figura
1772 2179 2002 2287 delineato,
2056 2186 2150 2270 fuis-

617 2329 696 2440 se,
728 2347 773 2406 ut
804 2331 918 2422 viae,
969 2345 1064 2427 quas
1102 2325 1300 2422 lacrymae
1332 2341 1594 2422 percurrunt,
1636 2343 1848 2427 postquam
1885 2329 2007 2432 globo
2045 2337 2148 2414 oculi

615 2465 887 2552 humectando
909 2465 1077 2569 ejusque
1104 2467 1225 2544 nitori
1253 2457 1530 2542 conservando
1559 2461 1838 2567 inservierint,
1861 2471 1963 2550 clare
1992 2477 2035 2552 in
2060 2496 2150 2552 con-

493 2709 498 2719 ,
613 2610 798 2713 spectum
834 2605 1041 2688 ducantur.
1096 2600 1300 2685 Videmus
1337 2605 1445 2686 enim
1491 2605 1558 2684 hic
1597 2609 1805 2712 palpebras
1832 2628 2015 2716 utrasque
2045 2619 2150 2697 oculi

615 2749 803 2850 infantis,
841 2747 892 2829 ad
927 2751 1168 2830 exteriorem
1201 2746 1387 2850 angulum
1429 2743 1611 2828 discissas
1656 2767 1699 2831 et
1745 2751 1922 2833 invicem
1957 2751 2148 2836 diductas.

611 2889 659 2970 In
692 2890 971 2998 palpebrarum
1009 2889 1150 2969 harum
1181 2890 1358 2992 margine
1397 2888 1670 2993 cartilaginea,
1713 2889 1817 2971 tarso
1849 2890 1977 2994 dicta,
2011 2895 2148 2976 adhae-

610 3037 737 3114 rentia
760 3051 951 3138 apparent
977 3033 1097 3132 cilia,
1140 3052 1313 3135 quorum
1350 3027 1519 3110 directio
1548 3033 1591 3110 in
1620 3027 1828 3136 superiore
1859 3033 2043 3137 palpebra
2072 3033 2148 3116 sur-

609 3172 724 3272 sum,
754 3175 796 3254 in
826 3167 1020 3270 inferiore
1052 3168 1238 3252 deorsum
1264 3175 1434 3253 incurvo
1466 3169 1590 3254 duem
1622 3169 1728 3253 facta
1753 3188 1840 3274 est,
1869 3192 1915 3255 ut
1937 3177 2145 3281 palpebrae

610 3315 664 3397 src
703 3312 891 3419 perfecte
934 3310 1066 3395 claudi
1104 3312 1286 3416 possrnt;
1327 3335 1435 3416 pone
1470 3313 1615 3396 horum
1649 3315 1834 3395 ciliontm
1873 3330 2032 3415 ortum,
2063 3315 2147 3397 sunt

609 3458 745 3536 oscula
767 3452 1040 3562 glandularum
1067 3453 1121 3534 M
1136 3477 1159 3533 e
1175 3455 1188 3532 i
1204 3454 1229 3534 b
1246 3477 1271 3532 o
1291 3479 1329 3534 m
1345 3459 1359 3535 i
1373 3457 1407 3556 i,
1431 3472 1595 3558 propter
1616 3475 1780 3536 tenuem
1794 3565 1797 3570 Ι
1810 3475 1981 3538 aetatem
2009 3459 2049 3538 in
2075 3461 2147 3538 hoc

607 3595 830 3702 specimine
861 3619 1000 3701 parum
1025 3593 1271 3704 conspicua3
1301 3598 1408 3676 inter
1438 3593 1616 3677 diductas
1647 3595 1854 3701 palpebras
1877 3599 2026 3677 tunica
2056 3621 2146 3678 con·

603 3737 785 3842 junctiva
807 3741 916 3819 oculi
948 3738 1123 3822 vasculis
1155 3734 1345 3817 ditissima
1374 3757 1567 3843 apparet,
1598 3761 1725 3842 quae,
1761 3737 2028 3820 sraccuratius
2063 3761 2145 3820 exa-

606 3886 798 3980 minatur,
827 3878 1095 3960 membranam
1122 3879 1315 3977 exhibet,
1342 3901 1426 3958 non
1447 3879 1682 3982 srmpliciter
1707 3875 1909 3980 serosam,
1936 3899 2074 3960 vemm
2097 3903 2145 3960 ex

608 4014 737 4098 serosa
763 4034 807 4097 et
834 4015 998 4097 mucosa
1031 4017 1138 4119 quasa
1169 4019 1463 4122 compostum,
1504 4038 1627 4101 uteo
1658 4023 1800 4102 melius
1826 4041 1987 4101 naturae
2022 4018 2141 4124 scopo

609 4155 856 4261 respondere
891 4154 1057 4262 posset,
1089 4155 1334 4240 secernendi
1362 4157 1518 4243 scilicet
1551 4163 1784 4260 humorem,
1807 4180 1892 4240 non
1914 4159 2145 4266 srmpliciter

608 4294 815 4399 serosum3
857 4295 924 4378 hic
961 4301 1072 4379 enim
1110 4300 1230 4379 nimis
1268 4303 1354 4383 cito
1397 4300 1589 4386 deflueret
1626 4304 1693 4383 vel
1725 4303 1768 4381 in
1805 4322 1914 4382 auras
1949 4306 2141 4400 avolaret,

606 4437 679 4520 sed
717 4439 831 4522 srmul
875 4437 1039 4548 mucoso
1083 4441 1280 4542 mixtum,
1329 4459 1374 4525 ut
1414 4443 1649 4549 persisteret
1677 4437 1918 4544 aliquamdiu
1950 4437 1998 4518 ad
2026 4442 2141 4521 lubri-

607 4585 702 4660 c‘um
727 4579 844 4685 hune,
868 4583 980 4663 oculi
1007 4585 1196 4688 angulum
1227 4582 1489 4688 servandum,
1522 4606 1731 4689 antequam
1759 4579 2023 4677 absorbetur;
2053 4601 2143 4662 tunc

606 4744 729 4824 vero,
757 4719 940 4806 affluente
958 4723 1100 4832 majori
1120 4728 1264 4833 copia,
1295 4728 1485 4832 angulum
1515 4728 1621 4808 bunc
1649 4727 1780 4832 petit,
1810 4726 1880 4828 qui
1900 4721 1958 4803 ibi
1979 4718 2143 4804 fundum
