<?xml version="1.0" encoding="UTF-8"?>
<!DOCTYPE html PUBLIC "-//W3C//DTD XHTML 1.0 Transitional//EN"
    "http://www.w3.org/TR/xhtml1/DTD/xhtml1-transitional.dtd">
<html xmlns="http://www.w3.org/1999/xhtml" xml:lang="en" lang="en">
 <head>
  <title>
</title>
<meta http-equiv="Content-Type" content="text/html;charset=utf-8" />
  <meta name='ocr-system' content='tesseract 3.04.00' />
  <meta name='ocr-capabilities' content='ocr_page ocr_carea ocr_par ocr_line ocrx_word'/>
</head>
<body>
  <div class='ocr_page' id='page_1' title='image "./iconesanatomico00bleugoog_0042.png"; bbox 0 0 4764 6328; ppageno 0'>
   <div class='ocr_carea' id='block_1_1' title="bbox 602 471 1812 592">
    <p class='ocr_par' dir='ltr' id='par_1_1' title="bbox 602 471 1812 592">
     <span class='ocr_line' id='line_1_1' title="bbox 602 471 1812 592; baseline 0.007 -30"><span class='ocrx_word' id='word_1_1' title='bbox 602 471 1477 563; x_wconf 74' lang='lat' dir='ltr'>FusctcutusPnrmus.</span> <span class='ocrx_word' id='word_1_2' title='bbox 1760 509 1812 592; x_wconf 78' lang='lat'>23</span> 
     </span>
    </p>
   </div>
   <div class='ocr_carea' id='block_1_2' title="bbox 269 695 1905 3204">
    <p class='ocr_par' dir='ltr' id='par_1_2' title="bbox 269 695 1905 3204">
     <span class='ocr_line' id='line_1_2' title="bbox 281 695 1813 809; baseline -0.002 -20"><span class='ocrx_word' id='word_1_3' title='bbox 281 704 387 806; x_wconf 81' lang='lat' dir='ltr'>quasr</span> <span class='ocrx_word' id='word_1_4' title='bbox 421 697 650 801; x_wconf 85' lang='lat' dir='ltr'>constituit,</span> <span class='ocrx_word' id='word_1_5' title='bbox 681 696 729 782; x_wconf 88' lang='lat' dir='ltr'>ad</span> <span class='ocrx_word' id='word_1_6' title='bbox 753 718 873 802; x_wconf 89' lang='lat' dir='ltr'>quem</span> <span class='ocrx_word' id='word_1_7' title='bbox 903 695 1033 780; x_wconf 88' lang='lat' dir='ltr'>fluunt</span> <span class='ocrx_word' id='word_1_8' title='bbox 1063 697 1283 802; x_wconf 81' lang='lat' dir='ltr'><strong>lacrymae,</strong></span> <span class='ocrx_word' id='word_1_9' title='bbox 1315 702 1426 782; x_wconf 88' lang='lat' dir='ltr'>etin</span> <span class='ocrx_word' id='word_1_10' title='bbox 1453 719 1535 807; x_wconf 88' lang='lat' dir='ltr'>quo</span> <span class='ocrx_word' id='word_1_11' title='bbox 1564 701 1813 809; x_wconf 85' lang='lat' dir='ltr'><strong>retinentur,</strong></span> 
     </span>
     <span class='ocr_line' id='line_1_3' title="bbox 278 838 1818 949; baseline -0.001 -21"><span class='ocrx_word' id='word_1_12' title='bbox 278 865 325 928; x_wconf 95' lang='lat' dir='ltr'>ut</span> <span class='ocrx_word' id='word_1_13' title='bbox 350 868 372 924; x_wconf 89' lang='lat' dir='ltr'>a</span> <span class='ocrx_word' id='word_1_14' title='bbox 396 846 703 926; x_wconf 84' lang='lat' dir='ltr'>carunculonun</span> <span class='ocrx_word' id='word_1_15' title='bbox 740 838 1012 942; x_wconf 87' lang='lat' dir='ltr'>lacrymalium</span> <span class='ocrx_word' id='word_1_16' title='bbox 1039 840 1210 937; x_wconf 88' lang='lat' dir='ltr'>osculis,</span> <span class='ocrx_word' id='word_1_17' title='bbox 1266 840 1309 920; x_wconf 91' lang='lat' dir='ltr'>in</span> <span class='ocrx_word' id='word_1_18' title='bbox 1340 843 1500 923; x_wconf 90' lang='lat' dir='ltr'>interno</span> <span class='ocrx_word' id='word_1_19' title='bbox 1532 846 1678 949; x_wconf 85' lang='lat' dir='ltr'>angulo</span> <span class='ocrx_word' id='word_1_20' title='bbox 1709 849 1818 928; x_wconf 91' lang='lat' dir='ltr'>oculi</span> 
     </span>
     <span class='ocr_line' id='line_1_4' title="bbox 277 977 1814 1083; baseline 0.001 -19"><span class='ocrx_word' id='word_1_21' title='bbox 277 983 362 1064; x_wconf 86' lang='lat' dir='ltr'>sese</span> <span class='ocrx_word' id='word_1_22' title='bbox 382 979 715 1082; x_wconf 84' lang='lat' dir='ltr'>monstrantibus,</span> <span class='ocrx_word' id='word_1_23' title='bbox 743 977 943 1060; x_wconf 84' lang='lat' dir='ltr'>absorberi</span> <span class='ocrx_word' id='word_1_24' title='bbox 969 979 1134 1083; x_wconf 83' lang='lat' dir='ltr'>possint.</span> <span class='ocrx_word' id='word_1_25' title='bbox 1165 979 1284 1060; x_wconf 86' lang='lat' dir='ltr'>Setae</span> <span class='ocrx_word' id='word_1_26' title='bbox 1311 979 1503 1064; x_wconf 86' lang='lat' dir='ltr'>immissae</span> <span class='ocrx_word' id='word_1_27' title='bbox 1532 981 1621 1064; x_wconf 92' lang='lat' dir='ltr'>sunt</span> <span class='ocrx_word' id='word_1_28' title='bbox 1647 987 1689 1065; x_wconf 92' lang='lat' dir='ltr'>in</span> <span class='ocrx_word' id='word_1_29' title='bbox 1713 986 1814 1067; x_wconf 86' lang='lat' dir='ltr'>haec</span> 
     </span>
     <span class='ocr_line' id='line_1_5' title="bbox 276 1115 1813 1233; baseline -0.001 -24"><span class='ocrx_word' id='word_1_30' title='bbox 276 1115 424 1233; x_wconf 88' lang='lat' dir='ltr'>puncta</span> <span class='ocrx_word' id='word_1_31' title='bbox 451 1127 704 1228; x_wconf 85' lang='lat' dir='ltr'>lacrymalia,</span> <span class='ocrx_word' id='word_1_32' title='bbox 737 1143 838 1224; x_wconf 88' lang='lat' dir='ltr'>quae</span> <span class='ocrx_word' id='word_1_33' title='bbox 861 1117 1059 1223; x_wconf 81' lang='lat' dir='ltr'>absorptos</span> <span class='ocrx_word' id='word_1_34' title='bbox 1094 1122 1285 1223; x_wconf 83' lang='lat' dir='ltr'>lacrymas</span> <span class='ocrx_word' id='word_1_35' title='bbox 1320 1119 1470 1204; x_wconf 91' lang='lat' dir='ltr'>ducunt</span> <span class='ocrx_word' id='word_1_36' title='bbox 1496 1124 1541 1202; x_wconf 91' lang='lat' dir='ltr'>in</span> <span class='ocrx_word' id='word_1_37' title='bbox 1564 1121 1721 1207; x_wconf 90' lang='lat' dir='ltr'>saccum</span> <span class='ocrx_word' id='word_1_38' title='bbox 1760 1131 1813 1208; x_wconf 90' lang='lat' dir='ltr'>la·</span> 
     </span>
     <span class='ocr_line' id='line_1_6' title="bbox 276 1259 1814 1372; baseline 0.003 -26"><span class='ocrx_word' id='word_1_39' title='bbox 276 1267 496 1370; x_wconf 85' lang='lat' dir='ltr'>crymalem</span> <span class='ocrx_word' id='word_1_40' title='bbox 518 1287 590 1369; x_wconf 89' lang='lat' dir='ltr'>per</span> <span class='ocrx_word' id='word_1_41' title='bbox 613 1285 761 1346; x_wconf 89' lang='lat' dir='ltr'>cornua</span> <span class='ocrx_word' id='word_1_42' title='bbox 781 1261 835 1344; x_wconf 87' lang='lat' dir='ltr'>fic</span> <span class='ocrx_word' id='word_1_43' title='bbox 865 1259 973 1342; x_wconf 91' lang='lat' dir='ltr'>dicta</span> <span class='ocrx_word' id='word_1_44' title='bbox 1005 1264 1220 1360; x_wconf 81' lang='lat' dir='ltr'>limacum3</span> <span class='ocrx_word' id='word_1_45' title='bbox 1249 1285 1299 1342; x_wconf 88' lang='lat' dir='ltr'>ex</span> <span class='ocrx_word' id='word_1_46' title='bbox 1329 1265 1408 1344; x_wconf 92' lang='lat' dir='ltr'>hoc</span> <span class='ocrx_word' id='word_1_47' title='bbox 1433 1265 1578 1367; x_wconf 88' lang='lat' dir='ltr'>sacc0‚</span> <span class='ocrx_word' id='word_1_48' title='bbox 1599 1266 1648 1347; x_wconf 93' lang='lat' dir='ltr'>ad</span> <span class='ocrx_word' id='word_1_49' title='bbox 1679 1275 1814 1372; x_wconf 83' lang='lat' dir='ltr'>anguli</span> 
     </span>
     <span class='ocr_line' id='line_1_7' title="bbox 274 1401 1810 1509; baseline 0.001 -20"><span class='ocrx_word' id='word_1_50' title='bbox 274 1411 420 1489; x_wconf 91' lang='lat' dir='ltr'>interni</span> <span class='ocrx_word' id='word_1_51' title='bbox 443 1404 677 1489; x_wconf 86' lang='lat' dir='ltr'>inferiorem</span> <span class='ocrx_word' id='word_1_52' title='bbox 698 1422 850 1509; x_wconf 89' lang='lat' dir='ltr'>partem</span> <span class='ocrx_word' id='word_1_53' title='bbox 870 1401 1183 1508; x_wconf 86' lang='lat' dir='ltr'>conspiciendo,</span> <span class='ocrx_word' id='word_1_54' title='bbox 1209 1407 1333 1508; x_wconf 87' lang='lat' dir='ltr'>etqui</span> <span class='ocrx_word' id='word_1_55' title='bbox 1357 1408 1609 1507; x_wconf 87' lang='lat' dir='ltr'>membrana,</span> <span class='ocrx_word' id='word_1_56' title='bbox 1637 1412 1810 1490; x_wconf 84' lang='lat' dir='ltr'>vasculis</span> 
     </span>
     <span class='ocr_line' id='line_1_8' title="bbox 273 1539 1813 1654; baseline -0.002 -25"><span class='ocrx_word' id='word_1_57' title='bbox 273 1553 418 1654; x_wconf 88' lang='lat' dir='ltr'>plena,</span> <span class='ocrx_word' id='word_1_58' title='bbox 443 1553 598 1630; x_wconf 87' lang='lat' dir='ltr'>interna</span> <span class='ocrx_word' id='word_1_59' title='bbox 620 1543 806 1644; x_wconf 90' lang='lat' dir='ltr'>mucosa,</span> <span class='ocrx_word' id='word_1_60' title='bbox 820 1540 1021 1625; x_wconf 89' lang='lat' dir='ltr'>obductus</span> <span class='ocrx_word' id='word_1_61' title='bbox 1050 1561 1135 1643; x_wconf 90' lang='lat' dir='ltr'>est,</span> <span class='ocrx_word' id='word_1_62' title='bbox 1152 1539 1363 1624; x_wconf 90' lang='lat' dir='ltr'>descendit</span> <span class='ocrx_word' id='word_1_63' title='bbox 1386 1544 1530 1628; x_wconf 89' lang='lat' dir='ltr'>ductus</span> <span class='ocrx_word' id='word_1_64' title='bbox 1560 1550 1813 1650; x_wconf 80' lang='lat' dir='ltr'>lacrymulis,</span> 
     </span>
     <span class='ocr_line' id='line_1_9' title="bbox 273 1683 1811 1785; baseline -0.005 -10"><span class='ocrx_word' id='word_1_65' title='bbox 273 1696 345 1775; x_wconf 91' lang='lat' dir='ltr'>vel</span> <span class='ocrx_word' id='word_1_66' title='bbox 372 1689 512 1771; x_wconf 90' lang='lat' dir='ltr'>nasalis</span> <span class='ocrx_word' id='word_1_67' title='bbox 538 1683 864 1785; x_wconf 88' lang='lat' dir='ltr'>membranosus‚</span> <span class='ocrx_word' id='word_1_68' title='bbox 893 1702 935 1764; x_wconf 91' lang='lat' dir='ltr'>et</span> <span class='ocrx_word' id='word_1_69' title='bbox 960 1685 1135 1766; x_wconf 84' lang='lat' dir='ltr'>vasculis</span> <span class='ocrx_word' id='word_1_70' title='bbox 1167 1683 1381 1780; x_wconf 87' lang='lat' dir='ltr'>ditissrmus</span> <span class='ocrx_word' id='word_1_71' title='bbox 1420 1683 1468 1766; x_wconf 93' lang='lat' dir='ltr'>ad</span> <span class='ocrx_word' id='word_1_72' title='bbox 1500 1683 1672 1769; x_wconf 89' lang='lat' dir='ltr'>fundum</span> <span class='ocrx_word' id='word_1_73' title='bbox 1707 1691 1811 1768; x_wconf 90' lang='lat' dir='ltr'>cavi-</span> 
     </span>
     <span class='ocr_line' id='line_1_10' title="bbox 273 1823 1813 1931; baseline -0.002 -17"><span class='ocrx_word' id='word_1_74' title='bbox 273 1836 365 1915; x_wconf 85' lang='lat' dir='ltr'>tatis</span> <span class='ocrx_word' id='word_1_75' title='bbox 392 1835 542 1912; x_wconf 92' lang='lat' dir='ltr'>narium</span> <span class='ocrx_word' id='word_1_76' title='bbox 564 1847 690 1930; x_wconf 89' lang='lat' dir='ltr'>usque</span> <span class='ocrx_word' id='word_1_77' title='bbox 712 1845 805 1908; x_wconf 91' lang='lat' dir='ltr'>ante</span> <span class='ocrx_word' id='word_1_78' title='bbox 838 1843 993 1908; x_wconf 86' lang='lat' dir='ltr'>antrum</span> <span class='ocrx_word' id='word_1_79' title='bbox 1028 1823 1071 1905; x_wconf 91' lang='lat' dir='ltr'><em>H</em></span> <span class='ocrx_word' id='word_1_80' title='bbox 1086 1826 1099 1904; x_wconf 95' lang='lat' dir='ltr'>i</span> <span class='ocrx_word' id='word_1_81' title='bbox 1114 1828 1309 1930; x_wconf 81' lang='lat' dir='ltr'>gchmo</span> <span class='ocrx_word' id='word_1_82' title='bbox 1326 1831 1394 1926; x_wconf 90' lang='lat' dir='ltr'>ri,</span> <span class='ocrx_word' id='word_1_83' title='bbox 1425 1825 1536 1930; x_wconf 92' lang='lat' dir='ltr'>quod</span> <span class='ocrx_word' id='word_1_84' title='bbox 1560 1833 1707 1931; x_wconf 89' lang='lat' dir='ltr'>etiam,</span> <span class='ocrx_word' id='word_1_85' title='bbox 1736 1828 1813 1911; x_wconf 86' lang='lat' dir='ltr'>dif-</span> 
     </span>
     <span class='ocr_line' id='line_1_11' title="bbox 274 1965 1809 2080; baseline -0.005 -25"><span class='ocrx_word' id='word_1_86' title='bbox 274 1972 411 2057; x_wconf 87' lang='lat' dir='ltr'>fractis</span> <span class='ocrx_word' id='word_1_87' title='bbox 433 1969 612 2073; x_wconf 87' lang='lat' dir='ltr'>ossrbus,</span> <span class='ocrx_word' id='word_1_88' title='bbox 634 1968 982 2060; x_wconf 85' lang='lat' dir='ltr'>membranaceum</span> <span class='ocrx_word' id='word_1_89' title='bbox 1012 1984 1055 2048; x_wconf 93' lang='lat' dir='ltr'>et</span> <span class='ocrx_word' id='word_1_90' title='bbox 1083 1970 1257 2050; x_wconf 89' lang='lat' dir='ltr'>vasculis</span> <span class='ocrx_word' id='word_1_91' title='bbox 1292 1965 1530 2080; x_wconf 81' lang='lat' dir='ltr'>ditissimum</span> <span class='ocrx_word' id='word_1_92' title='bbox 1554 1970 1596 2047; x_wconf 93' lang='lat' dir='ltr'>in</span> <span class='ocrx_word' id='word_1_93' title='bbox 1620 1970 1701 2050; x_wconf 90' lang='lat' dir='ltr'>hoc</span> <span class='ocrx_word' id='word_1_94' title='bbox 1719 1969 1809 2074; x_wconf 88' lang='lat' dir='ltr'>spe·</span> 
     </span>
     <span class='ocr_line' id='line_1_12' title="bbox 273 2103 1810 2213; baseline -0.003 -19"><span class='ocrx_word' id='word_1_95' title='bbox 273 2118 425 2196; x_wconf 89' lang='lat' dir='ltr'>cimine</span> <span class='ocrx_word' id='word_1_96' title='bbox 479 2114 678 2211; x_wconf 90' lang='lat' dir='ltr'>cemitur,</span> <span class='ocrx_word' id='word_1_97' title='bbox 729 2130 837 2213; x_wconf 90' lang='lat' dir='ltr'>pone</span> <span class='ocrx_word' id='word_1_98' title='bbox 855 2149 860 2158; x_wconf 91' lang='lat'><strong>·</strong></span> <span class='ocrx_word' id='word_1_99' title='bbox 878 2104 1003 2190; x_wconf 86' lang='lat' dir='ltr'>finem</span> <span class='ocrx_word' id='word_1_100' title='bbox 1042 2109 1111 2190; x_wconf 92' lang='lat' dir='ltr'>vel</span> <span class='ocrx_word' id='word_1_101' title='bbox 1160 2104 1420 2188; x_wconf 87' lang='lat' dir='ltr'>insertionem</span> <span class='ocrx_word' id='word_1_102' title='bbox 1460 2103 1602 2188; x_wconf 89' lang='lat' dir='ltr'>ductus</span> <span class='ocrx_word' id='word_1_103' title='bbox 1643 2105 1810 2210; x_wconf 89' lang='lat' dir='ltr'>nasalis,</span> 
     </span>
     <span class='ocr_line' id='line_1_13' title="bbox 272 2246 1809 2364; baseline -0.003 -28"><span class='ocrx_word' id='word_1_104' title='bbox 272 2259 315 2335; x_wconf 91' lang='lat' dir='ltr'>in</span> <span class='ocrx_word' id='word_1_105' title='bbox 338 2257 446 2336; x_wconf 86' lang='lat' dir='ltr'>illam</span> <span class='ocrx_word' id='word_1_106' title='bbox 479 2254 730 2335; x_wconf 88' lang='lat' dir='ltr'>membranae</span> <span class='ocrx_word' id='word_1_107' title='bbox 760 2246 1259 2332; x_wconf 88' lang='lat' dir='ltr'>Schneiderianae</span> <span class='ocrx_word' id='word_1_108' title='bbox 1283 2263 1461 2352; x_wconf 87' lang='lat' dir='ltr'>partem,</span> <span class='ocrx_word' id='word_1_109' title='bbox 1490 2268 1591 2349; x_wconf 89' lang='lat' dir='ltr'>quae</span> <span class='ocrx_word' id='word_1_110' title='bbox 1614 2252 1809 2364; x_wconf 85' lang='lat' dir='ltr'>parietem</span> 
     </span>
     <span class='ocr_line' id='line_1_14' title="bbox 271 2385 1810 2491; baseline -0.003 -17"><span class='ocrx_word' id='word_1_111' title='bbox 271 2411 481 2476; x_wconf 86' lang='lat' dir='ltr'>externum</span> <span class='ocrx_word' id='word_1_112' title='bbox 507 2394 690 2478; x_wconf 86' lang='lat' dir='ltr'>cavitatis</span> <span class='ocrx_word' id='word_1_113' title='bbox 727 2393 881 2472; x_wconf 87' lang='lat' dir='ltr'>narium</span> <span class='ocrx_word' id='word_1_114' title='bbox 908 2406 951 2470; x_wconf 92' lang='lat' dir='ltr'>et</span> <span class='ocrx_word' id='word_1_115' title='bbox 987 2385 1157 2472; x_wconf 91' lang='lat' dir='ltr'>fundum</span> <span class='ocrx_word' id='word_1_116' title='bbox 1193 2392 1384 2490; x_wconf 88' lang='lat' dir='ltr'>investit,</span> <span class='ocrx_word' id='word_1_117' title='bbox 1417 2405 1458 2468; x_wconf 90' lang='lat' dir='ltr'>et</span> <span class='ocrx_word' id='word_1_118' title='bbox 1483 2386 1596 2491; x_wconf 87' lang='lat' dir='ltr'>cujus</span> <span class='ocrx_word' id='word_1_119' title='bbox 1631 2391 1810 2470; x_wconf 84' lang='lat' dir='ltr'>exterior</span> 
     </span>
     <span class='ocr_line' id='line_1_15' title="bbox 272 2526 1905 2640; baseline -0.007 -23"><span class='ocrx_word' id='word_1_120' title='bbox 272 2532 501 2640; x_wconf 87' lang='lat' dir='ltr'>superficies</span> <span class='ocrx_word' id='word_1_121' title='bbox 529 2550 620 2613; x_wconf 87' lang='lat' dir='ltr'>ante</span> <span class='ocrx_word' id='word_1_122' title='bbox 653 2549 695 2613; x_wconf 92' lang='lat' dir='ltr'>et</span> <span class='ocrx_word' id='word_1_123' title='bbox 719 2550 817 2637; x_wconf 92' lang='lat' dir='ltr'>post</span> <span class='ocrx_word' id='word_1_124' title='bbox 851 2550 1112 2614; x_wconf 87' lang='lat' dir='ltr'>memoratum</span> <span class='ocrx_word' id='word_1_125' title='bbox 1142 2528 1309 2613; x_wconf 90' lang='lat' dir='ltr'>ductum</span> <span class='ocrx_word' id='word_1_126' title='bbox 1341 2529 1566 2611; x_wconf 88' lang='lat' dir='ltr'>membrana</span> <span class='ocrx_word' id='word_1_127' title='bbox 1596 2526 1808 2610; x_wconf 91' lang='lat' dir='ltr'>celluloso-</span> <span class='ocrx_word' id='word_1_128' title='bbox 1899 2533 1905 2544; x_wconf 88' lang='lat'>&#39;</span> 
     </span>
     <span class='ocr_line' id='line_1_16' title="bbox 272 2668 1808 2780; baseline -0.004 -24"><span class='ocrx_word' id='word_1_129' title='bbox 272 2674 425 2776; x_wconf 78' lang='lat' dir='ltr'>setosa,</span> <span class='ocrx_word' id='word_1_130' title='bbox 447 2678 620 2780; x_wconf 87' lang='lat' dir='ltr'>vasculis</span> <span class='ocrx_word' id='word_1_131' title='bbox 643 2676 821 2758; x_wconf 90' lang='lat' dir='ltr'>minimis</span> <span class='ocrx_word' id='word_1_132' title='bbox 837 2673 1049 2775; x_wconf 83' lang='lat' dir='ltr'>ditissima,</span> <span class='ocrx_word' id='word_1_133' title='bbox 1074 2691 1181 2756; x_wconf 87' lang='lat' dir='ltr'>tecta</span> <span class='ocrx_word' id='word_1_134' title='bbox 1198 2689 1289 2772; x_wconf 87' lang='lat' dir='ltr'>est;</span> <span class='ocrx_word' id='word_1_135' title='bbox 1321 2668 1417 2754; x_wconf 91' lang='lat' dir='ltr'>dum</span> <span class='ocrx_word' id='word_1_136' title='bbox 1428 2693 1520 2754; x_wconf 89' lang='lat' dir='ltr'>ante</span> <span class='ocrx_word' id='word_1_137' title='bbox 1541 2670 1643 2752; x_wconf 90' lang='lat' dir='ltr'>hanc</span> <span class='ocrx_word' id='word_1_138' title='bbox 1663 2691 1808 2776; x_wconf 86' lang='lat' dir='ltr'>expan-</span> 
     </span>
     <span class='ocr_line' id='line_1_17' title="bbox 269 2811 1809 2922; baseline -0.005 -22"><span class='ocrx_word' id='word_1_139' title='bbox 269 2819 422 2900; x_wconf 77' lang='lat' dir='ltr'>sionem</span> <span class='ocrx_word' id='word_1_140' title='bbox 448 2835 632 2922; x_wconf 89' lang='lat' dir='ltr'>apertura</span> <span class='ocrx_word' id='word_1_141' title='bbox 661 2820 837 2898; x_wconf 85' lang='lat' dir='ltr'>exterior</span> <span class='ocrx_word' id='word_1_142' title='bbox 859 2816 1040 2898; x_wconf 87' lang='lat' dir='ltr'>cavitatis</span> <span class='ocrx_word' id='word_1_143' title='bbox 1062 2818 1213 2897; x_wconf 87' lang='lat' dir='ltr'>narium</span> <span class='ocrx_word' id='word_1_144' title='bbox 1236 2816 1435 2912; x_wconf 89' lang='lat' dir='ltr'>cernitur,</span> <span class='ocrx_word' id='word_1_145' title='bbox 1462 2811 1694 2894; x_wconf 89' lang='lat' dir='ltr'>membrana</span> <span class='ocrx_word' id='word_1_146' title='bbox 1721 2834 1809 2892; x_wconf 88' lang='lat' dir='ltr'>mu-</span> 
     </span>
     <span class='ocr_line' id='line_1_18' title="bbox 273 2947 1874 3062; baseline -0.002 -26"><span class='ocrx_word' id='word_1_147' title='bbox 273 2955 363 3037; x_wconf 88' lang='lat' dir='ltr'>cosa</span> <span class='ocrx_word' id='word_1_148' title='bbox 387 2956 467 3060; x_wconf 87' lang='lat' dir='ltr'>jam</span> <span class='ocrx_word' id='word_1_149' title='bbox 493 2955 734 3062; x_wconf 88' lang='lat' dir='ltr'>conspicua,</span> <span class='ocrx_word' id='word_1_150' title='bbox 765 2955 880 3060; x_wconf 75' lang='lat' dir='ltr'>quus</span> <span class='ocrx_word' id='word_1_151' title='bbox 902 2976 1040 3042; x_wconf 85' lang='lat' dir='ltr'>natura</span> <span class='ocrx_word' id='word_1_152' title='bbox 1059 2963 1102 3040; x_wconf 91' lang='lat' dir='ltr'>in</span> <span class='ocrx_word' id='word_1_153' title='bbox 1123 2956 1303 3062; x_wconf 89' lang='lat' dir='ltr'>sequenti</span> <span class='ocrx_word' id='word_1_154' title='bbox 1330 2960 1451 3038; x_wconf 91' lang='lat' dir='ltr'>icone</span> <span class='ocrx_word' id='word_1_155' title='bbox 1473 2953 1614 3036; x_wconf 86' lang='lat' dir='ltr'>clarius</span> <span class='ocrx_word' id='word_1_156' title='bbox 1635 2952 1687 3032; x_wconf 93' lang='lat' dir='ltr'>ob</span> <span class='ocrx_word' id='word_1_157' title='bbox 1712 2974 1810 3033; x_wconf 89' lang='lat' dir='ltr'>ocu·</span> <span class='ocrx_word' id='word_1_158' title='bbox 1867 2947 1874 2957; x_wconf 83' lang='lat'>&#39;</span> 
     </span>
     <span class='ocr_line' id='line_1_19' title="bbox 271 3095 635 3204; baseline -0.011 -23"><span class='ocrx_word' id='word_1_159' title='bbox 271 3099 331 3181; x_wconf 91' lang='lat' dir='ltr'>los</span> <span class='ocrx_word' id='word_1_160' title='bbox 366 3101 542 3204; x_wconf 91' lang='lat' dir='ltr'>ponitur.</span> <span class='ocrx_word' id='word_1_161' title='bbox 576 3095 635 3177; x_wconf 88' lang='lat'>(1)</span> 
     </span>
    </p>
   </div>
   <div class='ocr_carea' id='block_1_3' title="bbox 714 3504 1367 3595">
    <p class='ocr_par' dir='ltr' id='par_1_3' title="bbox 714 3504 1367 3595">
     <span class='ocr_line' id='line_1_20' title="bbox 714 3504 1367 3595; baseline 0.003 -4"><span class='ocrx_word' id='word_1_162' title='bbox 714 3504 1229 3595; x_wconf 84' lang='lat' dir='ltr'>FIGURA.</span> <span class='ocrx_word' id='word_1_163' title='bbox 1315 3511 1367 3594; x_wconf 92' lang='grc' dir='ltr'>ΙΙ.</span> 
     </span>
    </p>
   </div>
   <div class='ocr_carea' id='block_1_4' title="bbox 264 3907 1807 4599">
    <p class='ocr_par' dir='ltr' id='par_1_4' title="bbox 264 3907 1807 4599">
     <span class='ocr_line' id='line_1_21' title="bbox 322 3907 1807 4036; baseline 0.001 -24"><span class='ocrx_word' id='word_1_164' title='bbox 322 3927 437 4012; x_wconf 89' lang='lat' dir='ltr'>Haec</span> <span class='ocrx_word' id='word_1_165' title='bbox 460 3925 579 4006; x_wconf 85' lang='lat' dir='ltr'>altera</span> <span class='ocrx_word' id='word_1_166' title='bbox 605 3925 701 4004; x_wconf 91' lang='lat' dir='ltr'>icon</span> <span class='ocrx_word' id='word_1_167' title='bbox 729 3919 942 4027; x_wconf 85' lang='lat' dir='ltr'>monstrat,</span> <span class='ocrx_word' id='word_1_168' title='bbox 974 3928 1095 4008; x_wconf 87' lang='lat' dir='ltr'>etiam</span> <span class='ocrx_word' id='word_1_169' title='bbox 1117 3922 1328 4009; x_wconf 89' lang='lat' dir='ltr'>artificiosa</span> <span class='ocrx_word' id='word_1_170' title='bbox 1357 3925 1542 4011; x_wconf 89' lang='lat' dir='ltr'>vasorum</span> <span class='ocrx_word' id='word_1_171' title='bbox 1567 3907 1807 4036; x_wconf 85' lang='lat' dir='ltr'>impletione</span> 
     </span>
     <span class='ocr_line' id='line_1_22' title="bbox 264 4063 1806 4176; baseline 0.003 -26"><span class='ocrx_word' id='word_1_172' title='bbox 264 4083 561 4176; x_wconf 85' lang='lat' dir='ltr'>praeparatum,</span> <span class='ocrx_word' id='word_1_173' title='bbox 576 4083 710 4149; x_wconf 91' lang='lat' dir='ltr'>totum</span> <span class='ocrx_word' id='word_1_174' title='bbox 730 4087 923 4172; x_wconf 86' lang='lat' dir='ltr'>organum</span> <span class='ocrx_word' id='word_1_175' title='bbox 948 4063 1122 4148; x_wconf 87' lang='lat' dir='ltr'>olfactus</span> <span class='ocrx_word' id='word_1_176' title='bbox 1144 4063 1308 4151; x_wconf 88' lang='lat' dir='ltr'>infantis</span> <span class='ocrx_word' id='word_1_177' title='bbox 1336 4091 1479 4152; x_wconf 89' lang='lat' dir='ltr'>recens</span> <span class='ocrx_word' id='word_1_178' title='bbox 1503 4074 1609 4172; x_wconf 89' lang='lat' dir='ltr'>nati,</span> <span class='ocrx_word' id='word_1_179' title='bbox 1624 4071 1806 4176; x_wconf 87' lang='lat' dir='ltr'>pendens</span> 
     </span>
     <span class='ocr_line' id='line_1_23' title="bbox 265 4202 1805 4310; baseline 0 -18"><span class='ocrx_word' id='word_1_180' title='bbox 265 4213 442 4292; x_wconf 88' lang='lat' dir='ltr'>acrista·</span> <span class='ocrx_word' id='word_1_181' title='bbox 468 4206 523 4289; x_wconf 89' lang='lat' dir='ltr'>fic</span> <span class='ocrx_word' id='word_1_182' title='bbox 555 4202 663 4288; x_wconf 87' lang='lat' dir='ltr'>dicta</span> <span class='ocrx_word' id='word_1_183' title='bbox 705 4206 823 4309; x_wconf 84' lang='lat' dir='ltr'>galli,</span> <span class='ocrx_word' id='word_1_184' title='bbox 865 4229 993 4310; x_wconf 92' lang='lat' dir='ltr'>quae,</span> <span class='ocrx_word' id='word_1_185' title='bbox 1027 4230 1049 4287; x_wconf 88' lang='lat' dir='ltr'>a</span> <span class='ocrx_word' id='word_1_186' title='bbox 1076 4209 1219 4290; x_wconf 89' lang='lat' dir='ltr'>lamina</span> <span class='ocrx_word' id='word_1_187' title='bbox 1251 4208 1423 4291; x_wconf 91' lang='lat' dir='ltr'>cribrosa</span> <span class='ocrx_word' id='word_1_188' title='bbox 1458 4208 1553 4292; x_wconf 82' lang='lat' dir='ltr'>ossis</span> <span class='ocrx_word' id='word_1_189' title='bbox 1580 4207 1805 4293; x_wconf 87' lang='lat' dir='ltr'>ethmoidei</span> 
     </span>
     <span class='ocr_line' id='line_1_24' title="bbox 266 4345 1804 4454; baseline 0.001 -23"><span class='ocrx_word' id='word_1_190' title='bbox 266 4371 373 4452; x_wconf 91' lang='lat' dir='ltr'>orta,</span> <span class='ocrx_word' id='word_1_191' title='bbox 402 4346 552 4432; x_wconf 89' lang='lat' dir='ltr'>sursum</span> <span class='ocrx_word' id='word_1_192' title='bbox 574 4351 791 4453; x_wconf 90' lang='lat' dir='ltr'>prominet.</span> <span class='ocrx_word' id='word_1_193' title='bbox 836 4350 877 4430; x_wconf 84' lang='lat' dir='ltr'>A</span> <span class='ocrx_word' id='word_1_194' title='bbox 896 4365 1007 4454; x_wconf 87' lang='lat' dir='ltr'>parte</span> <span class='ocrx_word' id='word_1_195' title='bbox 1033 4349 1186 4432; x_wconf 78' lang='lat' dir='ltr'>sinistra</span> <span class='ocrx_word' id='word_1_196' title='bbox 1215 4345 1460 4454; x_wconf 91' lang='lat' dir='ltr'>conspicitur</span> <span class='ocrx_word' id='word_1_197' title='bbox 1489 4350 1717 4432; x_wconf 89' lang='lat' dir='ltr'>membrana</span> <span class='ocrx_word' id='word_1_198' title='bbox 1744 4352 1804 4432; x_wconf 86' lang='lat' dir='ltr'>in-</span> 
     </span>
     <span class='ocr_line' id='line_1_25' title="bbox 265 4486 1804 4599; baseline 0 -26"><span class='ocrx_word' id='word_1_199' title='bbox 265 4511 378 4576; x_wconf 89' lang='lat' dir='ltr'>terna</span> <span class='ocrx_word' id='word_1_200' title='bbox 403 4491 583 4573; x_wconf 90' lang='lat' dir='ltr'>cavitatis</span> <span class='ocrx_word' id='word_1_201' title='bbox 618 4491 832 4576; x_wconf 84' lang='lat' dir='ltr'>maxillaris</span> <span class='ocrx_word' id='word_1_202' title='bbox 865 4486 1107 4597; x_wconf 86' lang='lat' dir='ltr'>superioris,</span> <span class='ocrx_word' id='word_1_203' title='bbox 1156 4489 1334 4582; x_wconf 88' lang='lat' dir='ltr'>nondum</span> <span class='ocrx_word' id='word_1_204' title='bbox 1366 4489 1454 4575; x_wconf 85' lang='lat' dir='ltr'>satis</span> <span class='ocrx_word' id='word_1_205' title='bbox 1493 4489 1713 4599; x_wconf 84' lang='lat' dir='ltr'>formatae,</span> <span class='ocrx_word' id='word_1_206' title='bbox 1762 4509 1804 4574; x_wconf 85' lang='lat' dir='ltr'>ct</span> 
     </span>
    </p>
   </div>
   <div class='ocr_carea' id='block_1_5' title="bbox 305 4788 1054 4882">
    <p class='ocr_par' dir='ltr' id='par_1_5' title="bbox 305 4788 1054 4882">
     <span class='ocr_line' id='line_1_26' title="bbox 305 4788 1054 4882; baseline 0.013 -27"><span class='ocrx_word' id='word_1_207' title='bbox 305 4790 363 4875; x_wconf 87' lang='lat' dir='ltr'>(r)</span> <span class='ocrx_word' id='word_1_208' title='bbox 384 4788 485 4862; x_wconf 88' lang='lat' dir='ltr'>Cous.</span> <span class='ocrx_word' id='word_1_209' title='bbox 507 4793 570 4863; x_wconf 81' lang='lat' dir='ltr'>N·.</span> <span class='ocrx_word' id='word_1_210' title='bbox 594 4813 669 4881; x_wconf 73' lang='lat'>233.</span> <span class='ocrx_word' id='word_1_211' title='bbox 693 4792 915 4882; x_wconf 84' lang='lat' dir='ltr'>descriptionis</span> <span class='ocrx_word' id='word_1_212' title='bbox 937 4796 1054 4868; x_wconf 86' lang='lat' dir='ltr'>Musei.</span> 
     </span>
    </p>
   </div>
   <div class='ocr_carea' id='block_1_6' title="bbox 0 0 2386 6328">
    <p class='ocr_par' dir='ltr' id='par_1_6' title="bbox 0 0 2386 6328">
     <span class='ocr_line' id='line_1_27' title="bbox 0 0 2386 6328; baseline 0 4"><span class='ocrx_word' id='word_1_213' title='bbox 0 0 2386 6328; x_wconf 95' lang='lat' dir='ltr'> </span> 
     </span>
    </p>
   </div>
  </div>
 </body>
</html>
