4764 6328
578 472 1453 564 FuscrcutusParuus
1736 493 1788 593 η

257 705 363 808 quast
397 699 626 803 constituit,
657 697 705 784 ad
729 719 849 804 quem
879 697 1009 782 fluunt
1039 699 1259 804 lacrymae,
1291 717 1333 782 et
1359 703 1403 783 in
1429 721 1512 808 quo
1540 702 1789 810 retinentur,

255 867 301 930 ut
327 869 349 926 a
373 848 680 928 carunculonrm
716 840 988 944 lacrymaliurn
1016 841 1187 938 osculis,
1242 841 1285 922 in
1316 844 1476 924 interno
1509 845 1656 950 angulo
1686 851 1794 930 oculi

254 985 338 1067 sese
359 981 691 1084 monstrantibus,
720 979 920 1062 absorberi
946 981 1111 1086 possrnt.
1142 979 1261 1062 Setae
1288 979 1480 1065 immissae
1509 981 1598 1066 sunt
1624 988 1665 1066 in
1690 987 1790 1068 haec

253 1117 400 1234 puncta
428 1129 680 1230 lacrymalia,
714 1145 815 1228 quae
838 1119 1035 1226 absorptos
1071 1124 1261 1225 lacrymas
1297 1122 1446 1206 ducunt
1472 1125 1517 1203 in
1541 1121 1697 1208 saccum
1737 1131 1789 1208 la-

253 1269 472 1371 crymalem
494 1289 566 1371 per
588 1287 738 1346 cornua
758 1263 812 1346 lic
842 1261 949 1344 dicta
982 1265 1196 1362 limacum3
1225 1287 1275 1346 ex
1306 1267 1384 1346 hoc
1410 1267 1554 1369 sacru,
1575 1267 1624 1348 ad
1656 1275 1790 1374 anguli

251 1412 397 1492 interni
419 1392 653 1490 inferiorem
674 1423 826 1510 partem
846 1401 1159 1508 conspiciendo,
1185 1409 1310 1510 etqui
1334 1410 1586 1508 membrana,
1613 1413 1787 1491 vasculis

250 1555 395 1655 plena,
419 1554 574 1632 interna
597 1543 782 1646 mucosa,
797 1541 997 1626 obductus
1028 1562 1112 1644 est,
1129 1541 1339 1626 descendit
1362 1545 1506 1630 ductus
1536 1551 1789 1651 lacrymulis,

251 1697 320 1776 vel
349 1690 488 1772 nasalis
515 1685 840 1787 membranosus,
869 1704 912 1767 et
937 1687 1111 1768 vasculis
1144 1685 1359 1780 ditissimus
1395 1685 1445 1766 ad
1477 1685 1648 1770 fundum
1683 1692 1788 1770 cavi·

251 1837 342 1916 tatis
368 1836 518 1913 narium
541 1850 667 1932 usque
689 1845 782 1908 ante
815 1845 969 1910 antrum
1004 1825 1371 1932 Higchmori‚
1401 1826 1683 1933 quodetiam,
1713 1829 1790 1913 dif-

250 1974 388 2058 fractis
410 1972 589 2074 ossrbus,
610 1969 959 2062 membranaceum
988 1985 1032 2049 et
1059 1971 1234 2051 vasculis
1269 1966 1506 2082 ditissrmum
1531 1969 1572 2048 in
1597 1971 1677 2051 hoc
1696 1970 1785 2074 spe·

250 2119 402 2199 cimine
456 2115 655 2212 cemitur,
706 2131 814 2214 pone
832 2151 837 2158 ·
855 2105 981 2191 finem
1019 2111 1087 2191 vel
1137 2105 1396 2189 insertionem
1436 2103 1579 2189 ductus
1619 2107 1786 2210 nasalis,

248 2259 423 2338 inillam
455 2255 707 2337 membranae
737 2248 1235 2333 Schneiderianae
1260 2264 1438 2353 partem,
1467 2269 1567 2350 quae
1591 2253 1785 2366 parietem

248 2413 457 2479 externum
483 2395 667 2478 cavitatis
704 2394 858 2475 narium
884 2408 926 2473 et
964 2386 1135 2473 fundum
1169 2391 1361 2489 investit,
1393 2405 1434 2468 et
1459 2387 1573 2492 cujus
1607 2393 1786 2472 exterior

249 2534 477 2642 superficies
505 2551 596 2616 ante
630 2551 672 2615 et
695 2551 794 2638 post
827 2550 1088 2616 memoratum
1119 2529 1286 2612 ductum
1317 2530 1542 2612 membrana
1572 2527 1785 2610 celluloso-
1876 2534 1882 2545 '

250 2675 402 2778 setosa,
423 2680 596 2780 vasculis
620 2677 797 2760 minimis
813 2674 1026 2775 ditissrma,
1049 2691 1158 2758 tecta
1175 2691 1265 2774 est3
1298 2669 1393 2754 dum
1405 2693 1496 2754 ante
1518 2670 1620 2752 hanc
1640 2691 1785 2776 expan-

246 2820 398 2901 sronem
424 2837 609 2923 apertura
638 2821 814 2900 exterior
836 2817 1016 2898 cavitatis
1039 2819 1190 2898 narium
1213 2817 1411 2911 cernitur,
1439 2812 1671 2894 membrana
1699 2834 1785 2892 mu·

250 2955 340 3038 cosa
364 2957 443 3061 J'am
470 2957 710 3064 conspicua,
741 2956 856 3062 cujus
879 2977 1016 3043 natura
1035 2963 1079 3042 in
1100 2956 1279 3063 sequenti
1307 2961 1427 3038 icone
1450 2955 1591 3037 clarius
1611 2953 1664 3033 ob
1689 2975 1786 3034 ocu·
1844 2947 1851 2957 '

247 3105 307 3183 los
342 3101 519 3205 ponitur.
553 3095 611 3178 (¹)

691 3505 1343 3596 Flebanll.

298 3927 413 4012 Haec
435 3926 555 4008 altera
581 3926 678 4005 icon
706 3921 919 4028 monstrat,
951 3930 1071 4010 etiam
1094 3924 1303 4010 artificiosa
1334 3928 1518 4012 vasorum
1544 3909 1783 4037 impletione

241 4083 687 4178 praeparatum,totum
707 4088 899 4174 organum
925 4065 1098 4149 olfactus
1120 4063 1285 4151 infantis
1312 4091 1456 4152 recens
1478 4074 1586 4172 nati,
1601 4072 1783 4176 pendens

242 4235 264 4292 a
295 4213 418 4292 crista·
444 4207 499 4290 src
532 4203 640 4289 dicta
682 4208 800 4311 galli,
841 4231 970 4312 quae,
1004 4232 1026 4288 a
1053 4209 1195 4290 lamina
1227 4208 1399 4292 cribrosa
1435 4209 1530 4293 ossrs
1557 4207 1782 4294 ethmoidei

243 4371 349 4452 orta,
378 4347 529 4432 sursum
551 4352 768 4454 prominet.
813 4351 853 4431 A
873 4366 984 4456 parte
1009 4349 1162 4433 sinistra
1191 4348 1436 4455 conspicitur
1466 4352 1693 4433 membrana
1720 4353 1781 4433 in-

242 4511 354 4576 terna
380 4492 560 4574 cavitatis
595 4491 808 4576 maxillaris
842 4487 1083 4597 superioris,
1133 4490 1311 4582 nondum
1342 4489 1430 4575 satis
1470 4489 1690 4598 formatae,
1739 4509 1781 4574 ct

281 4791 340 4876 (ι)
361 4789 462 4863 Cous.
484 4794 546 4864 N‘.
571 4815 645 4882 2³3·
670 4793 891 4883 descriptionis
914 4797 1030 4868 Musei.
