4764 6328
670 483 1402 567 Proornrun.
1747 515 1815 576 vn

279 771 397 854 quam
418 743 630 828 minimum
646 734 841 840 statuere,
872 754 953 839 quo
982 729 1093 816 iacto
1113 734 1298 820 omnibus
1324 735 1518 842 acquilitu
1543 735 1703 826 facilius
1728 743 1816 826 red·

281 946 322 1028 di
364 942 503 1056 possit.

334 1153 418 1260 Jam
448 1149 568 1252 igitur
594 1145 637 1226 in
658 1147 791 1226 lucem
819 1137 956 1247 prodit
977 1131 1196 1241 fasciculus
1216 1135 1404 1244 primus,
1429 1167 1512 1252 quo
1553 1155 1812 1238 continentur

275 1351 347 1434 sex
369 1349 572 1448 Tabulae,
602 1365 768 1451 quarum

333 1551 475 1634 Prima
503 1574 575 1632 cor
603 1569 697 1632 cunr
718 1546 979 1653 pulmonibus
1004 1543 1168 1628 infantis
1195 1567 1338 1632 reeens
1361 1552 1443 1632 nati
1477 1554 1530 1634 ob
1559 1559 1699 1640 octrlos
1735 1581 1809 1663 po·
1912 1555 1917 1562 '

277 1765 351 1844 nit.

332 1961 508 2044 Secunda
544 1961 773 2066 portionem
811 1955 1010 2058 pulmonis
1052 1955 1227 2036 hominis
1266 1953 1389 2038 adulti
1422 1959 1718 2064 integerrimam
1752 1988 1813 2046 re·

276 2163 511 2272 praesentat.

328 2361 462 2444 Tertia
490 2363 672 2444 continet
707 2375 876 2462 quatuor
910 2357 1075 2464 figuras,
1120 2384 1286 2464 quarum
1321 2333 1448 2465 prima
1486 2368 1697 2468 perieranii
1722 2391 1807 2472 par·

273 2589 382 2671 tem,
412 2570 535 2649 altera
571 2564 691 2649 durae
728 2565 951 2666 meningis,
995 2568 1112 2645 tertia
1151 2565 1314 2669 pleurae
1354 2579 1398 2643 et
1438 2525 1572 2670 puarta
1606 2572 1809 2670 peritonei

269 2774 429 2858 vascula
462 2772 625 2852 minima
654 2764 940 2870 conspicienda
966 2767 1145 2872 praebet.

328 2965 494 3076 Quarta
534 2969 665 3049 tabula
701 2973 791 3072 piae
842 2972 973 3053 matris
1011 2987 1053 3051 et
1094 2973 1251 3054 cerebri
1287 2969 1517 3055 structurum
1562 2969 1809 3055 vasculosam

273 3177 451 3276 quinque
485 3172 672 3254 iconibus
699 3169 881 3258 illustrat.
1011 3165 1016 3176 ’

327 3366 484 3478 Quinta
512 3393 613 3456 vero
656 3372 873 3456 cellulosae
906 3379 1009 3458 telae
1048 3380 1274 3483 organicam
1310 3373 1542 3459 structuram
1568 3371 1807 3458 demonstrat

270 3575 399 3656 tribus
436 3571 599 3676 figuris,
636 3575 730 3655 huic
768 3573 934 3655 consilio
970 3579 1131 3681 egregie
1170 3573 1516 3658 satisfacientibus.

300 3769 421 3852 Sexta
466 3768 627 3854 tandem
648 3775 831 3870 viarum,
861 3793 935 3876 per
957 3797 1051 3876 quas
1074 3778 1271 3878 lacrymae
1293 3777 1426 3858 fluunt
1453 3791 1495 3854 et
1519 3777 1655 3876 organi
1679 3770 1803 3852 olfac·

270 3991 335 4056 tus
370 3992 546 4054 naturam
576 3971 726 4057 duabus
753 3971 889 4080 liguris
918 3975 1168 4059 nitidissimis
1200 3976 1366 4080 praebet
1389 3970 1651 4079 spectandam.

329 4176 447 4256 Alter
469 4196 590 4276 vero,
613 4179 682 4281 qui
710 4176 819 4259 hunc
853 4173 1037 4280 sequetur
1064 4175 1309 4279 fasciculus,
1337 4172 1409 4257 sex
1433 4173 1603 4254 Tabulas
1633 4178 1803 4276 partium

271 4377 541 4462 morbosarum
574 4401 665 4461 cum
704 4375 1047 4466 observationibus
1091 4381 1138 4463 ad
1171 4403 1236 4462 eas
1264 4377 1558 4484 pertinentibus
1590 4378 1801 4476 continet;

272 4595 357 4661 tum
377 4599 478 4662 vero
500 4574 633 4664 denuo
659 4578 864 4666 secuturus
885 4605 948 4668 est
963 4581 1204 4686 fasciculus,
1235 4604 1319 4686 quo
1342 4581 1512 4686 partium
1537 4573 1804 4681 phyliologici
