4764 6328
484 445 490 452 '
581 471 632 539 aa
831 441 1149 529 lconusr
1204 440 1871 530 Auaronrcaaun

1021 933 1531 1021 TABULA
1615 940 1690 1026 VI.

599 1303 755 1394 ulan*
795 1297 1232 1392 anonymam
1271 1300 1368 1385 ET
1407 1299 1734 1389 ORGANUM
1769 1304 2110 1396 uumerus.

1021 1595 1649 1726 aroanna

628 2023 939 2170 Nitidissrma's
975 2069 1153 2173 sabatius
1190 2068 1343 2148 tabulae
1384 2071 1522 2148 icones
1565 2074 1795 2173 intuemur,
1850 2071 2108 2172 videbimus,

575 2223 698 2302 finem
729 2222 772 2299 in
803 2211 1074 2322 praeparando
1123 2208 1373 2314 specimine,
1415 2213 1539 2314 prima
1567 2207 1687 2314 figura
1727 2209 1958 2316 delineat0,
2012 2212 2110 2298 fuis·

575 2365 642 2461 sc,
685 2380 731 2440 ut
761 2363 875 2455 viae,
925 2378 1021 2459 quas
1058 2358 1255 2454 lacrymae
1287 2373 1549 2455 percurrunt,
1592 2373 1804 2457 postquam
1840 2358 1963 2460 globo
2002 2363 2110 2442 oculi

573 2498 844 2585 humectando
866 2498 1034 2602 ejusque
1060 2499 1181 2576 nitori
1209 2490 1484 2574 conservando
1514 2492 1794 2596 inservierint,
1818 2500 1919 2579 clare
1950 2504 1991 2581 in
2017 2525 2112 2579 con-

453 2745 457 2754 ι
572 2644 757 2747 spectum
791 2638 998 2720 ducantur.
1053 2632 1257 2718 Videmus
1293 2638 1401 2718 enim
1448 2636 1514 2716 hic
1552 2638 1761 2742 palpebras
1789 2658 1972 2745 utrasque
2003 2647 2112 2725 oculi

575 2782 762 2883 infantis,
799 2779 849 2862 ad
883 2783 1125 2862 exteriorem
1158 2778 1343 2882 angulum
1386 2774 1567 2860 discissas
1612 2797 1655 2860 et
1701 2781 1878 2862 invicem
1914 2780 2110 2863 diductas.

571 2922 619 3003 ln
653 2924 929 3030 palpebrarum
967 2922 1108 3002 harum
1139 2921 1315 3023 margine
1355 2921 1627 3024 cartilaginea,
1670 2919 1773 3001 tarso
1806 2920 1934 3024 dicta,
1969 2921 2111 3004 adhae-

570 3071 698 3147 rentia
720 3082 910 3170 apparent
936 3065 1055 3163 cilia,
1099 3083 1271 3167 quorum
1307 3057 1475 3141 directio
1505 3063 1548 3140 in
1576 3058 1785 3166 superiore
1815 3062 2001 3166 palpebra
2030 3060 2111 3143 sur-

570 3204 685 3304 sum,
714 3207 757 3285 in
785 3199 978 3302 inferiore
1010 3199 1196 3284 deorsum
1222 3206 1391 3284 incurvo
1423 3201 1547 3286 ductu
1579 3199 1685 3283 facta
1711 3218 1797 3302 est,
1827 3220 1873 3284 ut
1895 3203 2108 3308 palpebrae

571 3347 625 3429 src
664 3343 851 3450 perfecte
893 3341 1024 3426 claudi
1062 3343 1244 3447 possmt;
1285 3365 1392 3448 pone
1427 3344 1572 3426 horum
1606 3345 1791 3425 'ciliorum
1831 3359 1991 3443 ortum,
2022 3341 2111 3425 sunt

571 3489 706 3567 oscula
729 3483 999 3592 glandularum
1026 3484 1117 3565 Me
1133 3486 1146 3563 i
1162 3485 1187 3565 b
1204 3507 1229 3564 ο
1248 3487 1365 3588 mii,
1388 3503 1552 3591 propter
1573 3502 1939 3600 tenuemaetatem
1968 3488 2008 3566 in
2033 3486 2111 3566 hoc

570 3625 792 3732 specimine
822 3649 960 3732 parum
985 3624 1228 3735 conspicua3
1259 3629 1365 3708 inter
1395 3624 1572 3708 diductas
1604 3625 1812 3731 palpebras
1853 3627 1984 3707 tunica
2014 3648 2110 3705 con-

566 3767 748 3871 junctiva
769 3771 878 3850 oculi
909 3769 1083 3850 vasculis
1114 3764 1303 3848 ditissima
1330 3787 1524 3873 apparet,
1555 3791 1683 3873 quae,
1707 3766 1747 3876 sr
1771 3769 1986 3850 accuratius
2022 3789 2110 3848 exa·

569 3915 761 4010 minatur,
789 3908 1054 3989 membranam
1082 3909 1272 4008 exhibet,
1300 3932 1383 3988 non
1404 3910 1639 4012 srmpliciter
1665 3905 1868 4008 serosam,
1895 3927 2034 3988 verum
2058 3929 2110 3988 ex

571 4044 699 4127 scrofa
726 4063 768 4125 et
796 4044 959 4125 mucosa
991 4048 1098 4146 quast
1129 4048 1421 4151 composrtam,
1462 4067 1508 4128 ut
1533 4071 1586 4128 eo
1616 4053 1758 4131 melius
1785 4069 1946 4129 naturae
1983 4045 2107 4151 scopo

572 4183 817 4288 respondere
851 4182 1017 4289 posset,
1048 4183 1292 4268 secernendi
1320 4185 1476 4271 scilicet
1510 4189 1742 4289 humorem,
1766 4209 1850 4269 non
1874 4187 2110 4293 srmpliciter

572 4323 778 4426 serosum3
819 4323 885 4406 hic
923 4329 1032 4408 enim
1070 4328 1190 4408 nimis
1227 4331 1312 4411 cito
1355 4327 1548 4414 deflueret
1585 4332 1652 4412 vel
1684 4332 1727 4410 in
1764 4351 1873 4410 auras
1908 4334 2106 4429 avolaret,

571 4464 642 4548 sed
680 4466 793 4549 srmul
838 4465 1001 4574 mucuso
1045 4470 1239 4571 mixtum,
1288 4487 1334 4554 ut
1373 4471 1608 4577 persisteret
1636 4466 1878 4572 aliquamdiu
1910 4465 1958 4546 ad
1986 4468 2106 4549 lubri-

572 4612 666 4690 c‘um
691 4607 807 4712 hunc·
831 4611 942 4690 oculi
969 4612 1156 4714 angulum
1187 4609 1448 4716 servandum,
1481 4633 1690 4717 antequam
1718 4607 1983 4705 absorbetur3
2013 4628 2108 4689 tunc

572 4770 694 4850 vem,
721 4746 902 4834 affluente
921 4750 1061 4858 majori
1082 4755 1225 4860 copia,
1256 4755 1445 4859 angulum
1474 4755 1580 4836 hunc
1608 4755 1739 4860 petit,
1770 4755 1839 4856 qui
1860 4749 1919 4831 ibi
1939 4746 2109 4831 fundum
