4728 6338
542 491 1052 609 Basercueus
1107 485 1477 582 Tanarus.
1733 502 1788 634 ὃς

255 739 489 826 transeunt,
532 737 575 803 et
604 735 806 827 praeterea
837 719 880 799 in
912 714 1149 818 corpuscula
1185 715 1336 798 haecce
1369 715 1610 801 confluxisse
1644 715 1785 816 viden·

256 890 350 966 tur;
379 889 499 971 quum
527 885 625 943 vero
650 865 692 940 in
715 863 829 940 nullo
866 861 946 938 alio
985 857 1232 958 specimine,
1254 857 1338 937 stre
1370 855 1571 956 duodeni,
1601 858 1684 939 srve
1713 863 1786 942 lru-

255 1009 320 1116 jus
352 1006 532 1090 intestini
563 1002 725 1082 humani
759 996 867 1096 sani,
909 997 991 1078 stre
1021 996 1257 1102 simpliciter
1294 1004 1401 1082 null-‚r
1434 1003 1592 1106 praevia
1624 1004 1787 1086 enchei-

221 1149 331 1232 ,rest
367 1147 615 1242 examinato,
665 1141 748 1223 save
788 1136 937 1220 summa
968 1161 1061 1218 curn
1096 1161 1286 1260 comper
1324 1141 1608 1244 impletionem
1648 1167 1790 1226 vascu-

259 1274 391 1369 lorum
427 1281 772 1366 subtilissimorum
807 1277 1065 1383 praeparato,
1094 1279 1233 1360 similia
1273 1283 1507 1384 corpuscula
1546 1283 1645 1364 mihi
1672 1307 1790 1390 appa-

262 1433 438 1530 nterint,
477 1425 620 1508 dubius
656 1421 785 1521 haesi,
827 1443 875 1500 an
911 1443 1046 1501 revera
1073 1420 1205 1500 essent
1240 1419 1473 1524 glandulae,
1514 1445 1563 1503 an
1599 1421 1705 1504 sorte
1735 1425 1794 1507 vi·

264 1573 323 1650 tio
361 1566 592 1672 injectionis
630 1559 760 1642 essent
797 1558 1035 1665 productae,
1081 1583 1129 1638 an
1162 1582 1262 1643 vero
1298 1561 1480 1642 morbosa
1511 1563 1629 1667 hujus
1667 1569 1789 1670 partis

262 1707 526 1808 conditione,
558 1703 776 1813 (quaeest
811 1693 1006 1784 sententia
1038 1701 1479 1783 Blumenbachii
1509 1697 1567 1780 (1)
1603 1701 1655 1784 de
1686 1709 1791 1809 glan·

267 1847 370 1932 dulis
405 1835 850 1944 Brunnerianis)
889 1863 1127 1948 quapropter
1159 1844 1347 1926 summam
1383 1869 1546 1950 operam
1581 1845 1701 1950 dedi,
1744 1867 1790 1932 ut

263 1989 424 2096 possem
457 1983 641 2068 conferre
679 1988 810 2066 hocce
849 1982 1054 2090 specimen
1088 2009 1180 2066 cum
1207 1988 1279 2089 iis,
1327 1987 1428 2088 quae
1463 1986 1791 2072 Brunnerus

268 2128 352 2237 ipse
392 2125 443 2210 de
481 2125 657 2210 duodeni
693 2129 871 2209 intestini
915 2125 1108 2230 glandulis
1148 2133 1302 2232 publici
1339 2128 1437 2234 juris
1467 2129 1597 2230 fecit,
1627 2151 1669 2213 et
1700 2150 1793 2238 post

250 2269 458 2377 'quaedam
488 2271 595 2352 irrita
626 2273 837 2350 conamina
869 2267 1014 2350 librum
1048 2273 1160 2350 illum
1198 2269 1458 2373 acquirendi,
1500 2269 1662 2354 tandem
1695 2274 1792 2355 haec

269 2413 547 2518 opportunitas
575 2409 676 2491 mibi
699 2411 872 2512 contigit
893 2411 1168 2495 amicitiaViri
1190 2409 1411 2496 doctissimi
1435 2412 1483 2494 C.
1513 2411 1570 2494 H.
1599 2437 1622 2492 a
1649 2417 1786 2518 Roy.

265 2555 333 2657 qui
355 2552 455 2634 milri
478 2573 501 2632 e
527 2547 617 2651 sua,
641 2533 810 2633 inomni
842 2543 1142 2654 disciplinarum
1179 2574 1325 2654 genere
1342 2572 1399 2669 ‚et
1427 2558 1642 2658 praecipue
1669 2552 1793 2636 medi·

267 2716 408 2776 corum
429 2691 665 2796 scriptorum
694 2688 902 2793 ditissima,
931 2695 1173 2774 collectione
1201 2691 1323 2800 ipsam
1352 2695 1387 2802 J.
1419 2693 1465 2776 C.
1493 2692 1796 2796 Brunneri,

256 2833 423 2918 dehac
463 2836 624 2915 maceria
656 2857 707 2916 ex
733 2831 914 2939 professo
950 2829 1165 2938 scriptam,
1201 2832 1520 2916 dissertationem
1569 2829 1793 2940 suppedita-

257 2979 352 3076 ·vit;
395 2997 489 3058 mox
517 2979 635 3082 igitur
668 2999 735 3076 ea,
777 3000 879 3079 quae
917 2975 1071 3082 scripsit
1112 2975 1163 3058 de
1198 2976 1392 3083 glandulis
1425 2974 1600 3058 duodeni
1632 2971 1793 3058 Brun·

270 3139 461 3218 nesus,
487 3118 567 3222 legi
592 3138 635 3200 et
661 3123 827 3220 icones,
857 3142 953 3226 quas
974 3121 1087 3226 operi
1119 3120 1211 3199 huic
1241 3116 1417 3216 addidit,
1447 3122 1674 3221 comparavi
1700 3139 1795 3199 cum

269 3255 548 3364 speciminibus
583 3262 708 3361 meis,
752 3283 853 3361 quae
892 3257 1022 3341 sanam
1058 3258 1245 3342 fabricam
1278 3258 1453 3341 duodeni
1486 3259 1703 3360 illustrant,
1755 3276 1797 3340 et

266 3401 464 3497 mirabar,
497 3421 560 3478 me
583 3399 683 3480 nihil
706 3399 756 3480 de
785 3403 853 3499 iis,
883 3425 983 3506 quae
1015 3399 1166 3506 scripsit
1197 3399 1544 3500 Brunnerus,
1575 3420 1641 3480 aut
1671 3421 1794 3502 quae,

270 3558 357 3618 non
392 3541 660 3643 microscopio
705 3538 888 3644 adjutus,
936 3541 1006 3622 sed
1051 3542 1158 3621 nudo
1195 3544 1341 3642 oculo,
1379 3537 1481 3619 vidit
1519 3556 1561 3616 et
1593 3537 1797 3618 delinean-

270 3674 319 3758 da
358 3683 538 3782 curavit,
586 3679 762 3783 potiussc
796 3680 958 3782 videre3
1001 3702 1042 3763 et
1073 3681 1181 3768 sorte
1211 3678 1295 3786 ipse
1332 3680 1657 3762 Brunnerus
1694 3678 1794 3758 haee

270 3817 391 3897 etiarn
424 3839 508 3897 non
532 3817 721 3920 vidisset,
751 3823 823 3904 nisr
851 3799 1098 3904 encheiresm
1128 3822 1397 3923 adhibuisset,
1433 3843 1509 3924 qua
1544 3824 1587 3902 in
1615 3815 1798 3928 subtilio-

270 3958 375 4042 ribus
405 3959 511 4041 villis
542 3979 650 4042 tanta
683 3967 852 4076 mrrtario
882 3963 1018 4068 posset
1041 3963 1235 4070 produci,
1265 3981 1311 4046 ut
1335 3965 1379 4044 in
1404 3961 1640 4064 corpuscula
1662 3975 1795 4038 rotun·

269 4094 344 4200 da,
375 4121 475 4202 quae
514 4101 715 4205 glandulas
744 4109 1015 4208 mentiuntur,
1048 4103 1144 4187 inde
1185 4101 1336 4186 fuerint
1372 4122 1603 4199 contracta,
1644 4096 1797 4182 scilicet

221 4297 227 4309 .
270 4243 491 4342 coctione,
522 4241 646 4326 Cons.
677 4245 879 4329 Brunn.
908 4247 958 4327 L.
975 4249 1013 4328 6.
1043 4269 1129 4350 pag.
1156 4269 1242 4329 10.:
1273 4243 1383 4344 Ubi,
1409 4244 1563 4344 inquit,
1589 4232 1799 4340 glandulas

268 4375 436 4460 duodeni
472 4379 799 4490 contemplaturus
832 4385 876 4467 in
905 4384 1079 4482 homine,
1100 4381 1176 4490 fiii
1200 4399 1292 4464 ante
1322 4404 1521 4488 nunquam
1562 4376 1686 4485 aistis,
1724 4401 1800 4461 non

271 4515 375 4600 male
396 4505 570 4627 fecerit,
596 4521 781 4632 squidem
807 4527 854 4610 de
868 4523 1041 4634 strbjecto
1067 4527 1199 4612 idoneo
1220 4517 1469 4652 prospexerit
1498 4541 1603 4621 etc.;
1631 4539 1672 4602 et
1707 4540 1798 4630 1³²8·

307 4827 366 4910 (r)
387 4825 489 4898 coar.
514 4827 593 4900 ibid.
615 4849 649 4916 p.
676 4837 751 4920 2⁴⁶·
