4764 6328
582 481 1475 570 FascicunusPninus.
1775 515 1804 596 9

257 710 409 810 debet,
466 731 511 790 ac
542 709 681 814 pleura
710 711 759 827 in¹
785 710 957 791 cavitate
996 710 1196 812 pectoris,
1238 704 1404 792 differre
1446 725 1581 796 tamen
1616 709 1805 800 videmus

263 855 388 934 etiam
408 851 474 932 hic
506 853 680 934 multum
709 851 936 950 rationem,
965 871 1043 951 qua
1076 851 1242 934 ultimae
1267 849 1574 936 distributiones
1609 855 1807 938 arteriola-

264 1015 354 1075 rum
379 989 463 1074 sese
497 993 668 1092 habent;
719 989 827 1074 unde
865 987 1039 1074 statuere
1072 994 1197 1096 licet,
1253 992 1494 1097 humorem,
1550 995 1696 1099 quiin
1730 993 1806 1078 hac

259 1137 434 1216 cavitate
459 1129 710 1234 secernitur,
742 1133 841 1213 licet
873 1129 982 1214 idem
1015 1134 1162 1216 nostris
1185 1133 1360 1219 sensibus
1385 1133 1573 1220 videatur
1602 1155 1723 1240 atque
1763 1139 1810 1219 il-

265 1280 332 1378 le,
361 1277 493 1382 quiin
505 1273 683 1360 thoracis
703 1278 877 1360 cavitate
905 1278 1104 1358 collectus
1122 1276 1339 1380 aliquando
1362 1276 1615 1380 observatur,
1646 1272 1806 1356 insano

263 1413 366 1499 statu
393 1433 530 1498 tamen
551 1415 601 1498 ab
628 1439 681 1498 eo
714 1414 905 1518 differre,
946 1436 990 1499 et
1024 1413 1270 1524 respondere
1305 1421 1478 1524 rationi,
1515 1441 1593 1540 qua
1625 1416 1809 1502 vasorum

265 1555 565 1642 absorbentium
589 1563 768 1663 osculis,
786 1565 830 1643 in
850 1558 925 1642 hac
951 1557 1244 1666 praesentibus,
1268 1563 1414 1644 iteruin
1433 1560 1666 1662 assumitur,
1695 1577 1741 1645 iit
1766 1562 1810 1640 in

266 1697 501 1806 sanguinem
531 1696 673 1782 reduci
713 1701 853 1808 possit.
910 1701 1199 1785 Exhalantium
1236 1703 1348 1784 enim
1376 1699 1563 1785 vastarum
1602 1702 1740 1784 oscula
1768 1704 1812 1782 in

268 1839 434 1926 diversis
461 1845 645 1948 corporis
672 1843 873 1951 partibus,
897 1945 900 1950 ,
928 1837 1130 1927 diversum
1160 1839 1367 1927 stimulum
1405 1841 1625 1926 desiderare
1665 1838 1810 1925 viden-

269 1999 357 2086 tur,
388 1982 593 2066 utofficio
619 1978 690 2067 siio
723 1988 799 2068 rite
833 1981 1075 2090 fungantiu3
1113 2001 1231 2092 atque
1263 1986 1379 2070 hunc
1415 1987 1460 2068 in
1485 1983 1610 2068 finem
1639 2005 1808 2097 quoque

265 2147 487 2209 nervorum
526 2125 758 2214 distributio
795 2125 1057 2233 probabiliter
1090 2129 1134 2210 in
1162 2125 1279 2209 hisce
1303 2126 1479 2231 partibus
1509 2121 1724 2209 admodum
1752 2121 1814 2206 di·

263 2265 378 2348 versa
395 2287 485 2369 est;
514 2273 697 2372 quamvis
721 2271 830 2352 enim
849 2283 1020 2376 propter
1045 2266 1309 2352 subtilitatem
1332 2269 1471 2351 oculos
1487 2263 1649 2374 fugiant
1670 2283 1713 2350 et
1723 2269 1812 2350 nul·

266 2409 303 2487 la
333 2424 447 2512 arte,
487 2413 547 2490 uti
582 2403 696 2513 vasa,
738 2407 1071 2515 inconspectum
1093 2411 1246 2514 poss1nt
1268 2407 1391 2510 duci,
1431 2411 1621 2495 novimus
1646 2427 1808 2513 tamen,

267 2567 340 2629 eos
371 2571 468 2632 cum
499 2547 683 2632 vasorum
710 2549 928 2654 systemate
966 2548 1112 2632 intimo
1146 2553 1354 2634 connubio
1392 2547 1531 2655 jungi,
1580 2569 1700 2654 atque
1731 2550 1811 2632 hoc

268 2692 519 2775 connubium
538 2689 754 2796 conferre,
784 2709 831 2776 ut
852 2695 896 2775 in
921 2693 1174 2794 nutritione,
1203 2698 1249 2777 in
1269 2695 1520 2799 reparatione
1547 2709 1667 2794 atque
1687 2693 1732 2774 in
1751 2686 1810 2770 se-

268 2833 540 2932 cretionibus,
563 2827 743 2916 diversae
764 2836 959 2916 materiae
994 2831 1044 2916 ad
1072 2832 1246 2918 diversas
1280 2807 1416 2944 partes
1452 2832 1661 2918 ducantur.
1713 2833 1812 2915 Hoc

266 2972 407 3056 eadem
428 2994 542 3057 certo
562 2972 703 3059 assumi
728 2993 881 3082 potest.
919 2973 1120 3060 Videmus
1144 2979 1283 3078 enim,
1312 2981 1449 3061 omnia
1468 2972 1652 3096 vasorum
1678 2974 1809 3058 oslicia

266 3115 373 3198 bene
412 3115 669 3223 procedere,
718 3115 749 3200 si
787 3139 1004 3202 nervorum
1040 3121 1147 3202 actio
1181 3119 1231 3202 sit
1266 3119 1446 3227 placida,
1489 3141 1513 3200 e
1547 3119 1750 3201 contrario
1778 3115 1810 3199 si

266 3281 407 3342 eorum
455 3257 601 3365 agendi
642 3262 744 3344 ratio
794 3263 916 3344 etiam
971 3261 1092 3344 causis
1139 3283 1224 3343 non
1275 3260 1582 3362 materialibus,
1639 3258 1696 3343 V.
1754 3257 1810 3339 G.

266 3405 386 3484 animi
419 3398 632 3485 affectibus
672 3399 858 3486 diversae
901 3413 1074 3488 naturae·
1100 3408 1305 3505 turbatur,
1359 3406 1479 3484 etiam
1524 3399 1727 3484 sensibiles
1768 3403 1813 3482 in

266 3545 523 3628 vasculorum
552 3546 817 3626 minimorum
850 3543 993 3646 agendi
1021 3547 1174 3628 ratione
1198 3541 1286 3625 lieri
1310 3545 1576 3642 mutationes,
1606 3545 1667 3624 uti
1690 3539 1812 3624 iube

267 3681 323 3765 do
358 3705 549 3791 genarum
596 3699 712 3762 aucta
745 3679 928 3785 pudore,
979 3687 1105 3788 pallor
1151 3703 1197 3766 et
1237 3679 1472 3766 constrictio
1520 3697 1688 3764 cuninea
1733 3698 1811 3763 ter-

268 3845 385 3924 rore,
403 3823 650 3924 similiaque,
676 3821 792 3924 plura
815 3826 1003 3927 exempla
1029 3820 1311 3908 demonstrant.
1363 3822 1526 3905 Praeter
1553 3821 1662 3902 hunc
1691 3822 1813 3902 etiarn

265 3985 483 4048 nervorum
513 3959 717 4046 directum
749 3962 793 4042 in
821 3959 915 4044 vala
939 3963 1168 4071 sanguisera
1206 3983 1250 4048 et
1277 3963 1539 4072 probabiliter
1563 3964 1606 4044 in
1630 3963 1813 4067 lympha-

267 4109 348 4187 tica
374 4103 601 4204 influxum,
625 4107 757 4186 etlam
781 4103 1004 4211 humores,
1029 4113 1099 4212 qui
1121 4109 1274 4190 osculis
1303 4105 1486 4204 vasorum
1514 4100 1814 4188 absorbentium

271 4249 452 4352 contigui
492 4247 691 4350 veniunt,
745 4246 849 4330 haec
881 4249 1021 4332 oscula
1055 4251 1099 4333 in
1121 4267 1265 4350 actum,
1286 4245 1466 4349 ducunt,
1503 4241 1610 4326 unde
1644 4241 1715 4346 fit,
1767 4263 1814 4328 ut

269 4409 350 4492 quo
383 4387 508 4492 magis
538 4387 586 4471 whi
611 4385 687 4470 sint
710 4377 867 4498 analogi
892 4389 1156 4494 humoribus,
1198 4391 1268 4496 qul
1293 4388 1376 4496 ja'm
1400 4391 1444 4470 in
1475 4386 1576 4473 vasis
1598 4385 1815 4493 lymphati·

270 4537 329 4614 cis
347 4527 497 4632 adsint,
526 4550 578 4611 eo
601 4535 826 4637 promptius
853 4551 898 4616 et
927 4540 1057 4641 aptius
1080 4531 1288 4620 stimulent
1316 4553 1460 4616 eorum
1487 4529 1626 4612 oscula
1661 4544 1706 4609 et
1728 4527 1810 4608 his·

270 4693 318 4751 ee
342 4669 577 4754 humoribus
604 4671 865 4757 attrahantur.
922 4673 1104 4780 Ideoque
1129 4677 1174 4756 in
1209 4641 1373 4760 diversis
1405 4669 1582 4776 partibus
1624 4663 1810 4752 diversos

263 4810 483 4900 admodum
511 4814 700 4904 humores
743 4816 984 4924 absorbent,
1041 4842 1093 4905 ex
1129 4821 1213 4904 tela
1246 4808 1443 4902 cellulosr
1479 4829 1672 4916 vaporem
1710 4825 1810 4890 arte-

1546 4977 1568 5032 2
