4764 6328
581 472 1456 564 FascscutvsPnrnus.
1738 494 1791 593 '23

260 705 366 807 quasa
399 698 629 802 constituit,
660 695 708 782 ad
732 718 852 802 quem
882 696 1012 781 fluunt
1041 699 1262 804 lacrymae,
1294 717 1335 782 et
1363 704 1515 809 inquo
1543 702 1792 810 retinentur,

257 866 303 929 ut
329 869 351 925 a
375 847 683 926 carunculonrm
719 839 991 942 lacrymalium
1018 841 1190 938 osculis,
1244 841 1286 922 in
1318 844 1479 925 interno
1512 847 1657 950 angulo
1689 851 1796 930 oculi

256 983 340 1066 sese
361 981 694 1083 monstrantibus,
722 979 922 1061 absorberi
948 979 1113 1084 possrnt.
1144 980 1263 1061 Setae
1290 980 1482 1065 immissae
1511 981 1600 1065 sunt
1626 988 1668 1066 in
1692 987 1792 1068 haec

254 1117 403 1234 puncta
431 1127 683 1229 lacrymalia,
716 1143 817 1227 quae
840 1117 1038 1224 absorptae
1073 1123 1264 1224 lacrymas
1299 1121 1449 1205 ducunt
1474 1125 1519 1204 iu
1543 1122 1699 1208 saccum
1739 1131 1791 1208 la-

255 1268 474 1370 crymalem
496 1289 569 1371 per
592 1287 740 1347 cornua
761 1263 814 1346 fic
844 1259 952 1344 dicta
984 1263 1199 1361 limacum3
1227 1286 1278 1345 ex
1308 1266 1387 1345 hoc
1412 1266 1526 1349 sacco
1544 1329 1556 1370 ,
1577 1267 1626 1348 ad
1658 1275 1792 1374 anguli

253 1411 399 1491 interni
422 1405 655 1490 inferiorern
676 1423 829 1510 partem
849 1401 1162 1509 conspiciendo,
1187 1408 1312 1509 etqui
1336 1409 1588 1508 membrana,
1616 1413 1789 1491 vasculis

252 1554 397 1653 plena,
422 1552 577 1630 interna
599 1544 784 1646 mucosa,
799 1541 999 1626 obductus
1030 1564 1114 1646 est,
1131 1541 1342 1626 descendit
1365 1544 1509 1630 ductus
1537 1550 1791 1650 lacrymulis,

252 1696 323 1775 vel
351 1689 491 1771 nasalis
517 1685 842 1786 membranosus,
871 1703 913 1766 et
939 1687 1113 1768 vasculis
1146 1684 1361 1782 ditissimus
1398 1684 1447 1767 ad
1479 1684 1651 1770 fundum
1685 1692 1790 1802 cavi-

252 1836 344 1914 tatis
371 1835 521 1912 narium
543 1849 669 1930 usque
691 1845 784 1908 ante
816 1844 972 1909 antrum
1007 1825 1049 1906 H
1065 1828 1152 1932 ige
1169 1829 1288 1910 hmo
1305 1832 1373 1928 ri,
1404 1826 1515 1931 quod
1539 1834 1685 1932 etiam,
1715 1829 1792 1913 dif-

252 1972 390 2056 fractis
412 1970 591 2071 ossrbus‚
613 1968 961 2060 membranaceum
991 1985 1034 2049 et
1061 1971 1236 2051 vasculis
1271 1967 1508 2082 ditiss1mum
1533 1969 1574 2049 in
1599 1971 1679 2051 hoc
1698 1970 1787 2074 spe·

251 2119 404 2198 cimine
458 2114 657 2212 caminis,
708 2104 982 2213 ponefinem
1021 2111 1090 2191 vel
1139 2105 1398 2190 insertionem
1438 2104 1581 2189 ductus
1621 2107 1788 2212 nasalis‚

250 2259 294 2336 in
317 2258 425 2338 illam
457 2255 709 2336 membranae
739 2247 1237 2333 Schneiderianae
1262 2265 1440 2352 partem,
1470 2269 1569 2351 quae
1593 2253 1788 2366 parietem

250 2412 459 2477 externum
485 2395 669 2477 cavitatis
706 2395 859 2475 narium
887 2409 928 2471 ct
966 2387 1137 2473 fundum
1172 2392 1363 2489 investit,
1395 2406 1437 2468 et
1461 2387 1575 2492 quus
1609 2392 1788 2472 exterior

251 2533 479 2640 superficies
508 2550 598 2615 ante
632 2551 796 2637 etpost
829 2549 1091 2615 memoratum
1121 2529 1288 2612 ductum
1319 2530 1544 2612 membrana
1575 2527 1786 2610 celluloso-
1877 2535 1884 2545 ‘

252 2673 404 2776 serosa,
425 2679 598 2780 vasculis
622 2677 799 2758 minimis
815 2674 1028 2775 diesuna,
1051 2691 1160 2756 tecta
1177 2689 1267 2773 est;
1300 2669 1499 2755 domante
1519 2671 1622 2754 hanc
1642 2692 1787 2777 expan-

248 2818 400 2900 sionem
427 2835 610 2922 apertura
640 2820 815 2900 exterior
838 2817 1017 2898 cavitatis
1041 2818 1192 2898 narium
1214 2817 1413 2912 cernitur,
1441 2811 1672 2894 membrana
1687 2834 1787 2927 mu-

252 2954 342 3037 cosa
366 2956 446 3060 jam
471 2955 712 3064 conspicua,
744 2956 858 3062 cvjvs
881 2976 1019 3042 natura
1037 2963 1080 3041 in
1102 2955 1281 3062 sequenti
1309 2961 1429 3039 icone
1451 2954 1593 3037 clarius
1612 2953 1667 3033 ob
1691 2975 1788 3034 ocu·
1845 2947 1852 2956 ’

249 3099 309 3180 los
344 3101 521 3203 ponitur.
555 3094 613 3177 (¹)

693 3505 1207 3594 FIGURA.
1293 3513 1345 3596 II.

300 3927 416 4012 Haec
438 3926 557 4006 altera
583 3925 680 4004 icon
708 3920 920 4026 monstrat,
952 3929 1073 4009 etiam
1095 3923 1305 4010 artificiosa
1336 3927 1519 4014 vasorum
1545 3909 1785 4038 impletione

243 4083 539 4177 praeparatum,
555 4081 689 4148 totum
709 4087 901 4171 organum
926 4064 1100 4149 olfactus
1122 4065 1287 4152 infantis
1315 4091 1458 4152 recens
1481 4074 1784 4178 nati‚pendens

244 4234 266 4291 a
297 4212 420 4292 crista·
446 4206 501 4289 sse
533 4202 642 4289 dicta
684 4206 801 4309 galli,
843 4229 972 4310 quae,
1006 4231 1028 4287 a
1055 4209 1197 4291 lamina
1229 4208 1401 4292 cribrosa
1436 4209 1531 4293 ossas
1558 4208 1783 4294 ethmoidei

245 4371 351 4452 orta,
380 4346 530 4432 sursum
551 4351 770 4453 prominet.
814 4350 855 4430 A
874 4365 985 4453 parte
1011 4348 1165 4432 finistra
1193 4345 1437 4455 conspicitur
1468 4352 1696 4432 membrana
1722 4353 1782 4432 in·

244 4510 356 4576 terna
382 4491 561 4573 cavitatis
596 4490 810 4575 maxillaris
843 4485 1085 4597 superioris,
1135 4490 1313 4582 nondum
1344 4489 1432 4576 satis
1472 4489 1691 4600 formatae,
1741 4509 1782 4574 et

283 4789 342 4875 (r)
362 4788 463 4861 Coos.
485 4793 548 4862 N'.
572 4814 647 4881 233.
671 4793 893 4882 descriptionis
915 4797 1032 4868 Musei.
