4764 6328
597 383 658 482 'A
856 395 1171 484 Icouuu
1233 392 1905 485 Anaromrcanum

942 1005 1802 1129 assuantur.

646 1537 826 1699 leonem
852 1613 1018 1698 exhibet
1052 1613 1252 1719 portionis
1290 1607 1509 1718 oesophagi
1535 1607 1701 1694 infantis
1730 1631 1883 1695 recens·
1909 1614 1994 1694 nati
2023 1612 2143 1719 ejus·

585 1753 706 1858 dem,
736 1779 855 1862 quam
885 1751 962 1839 N·.
993 1753 1088 1838 281.
1117 1749 1396 1857 descriptionis
1417 1747 1559 1836 Musei
1591 1756 1719 1836 nostri
1739 1755 1890 1837 notavi.
1943 1751 2130 1838 Exactis·

584 1897 683 1982 strue
719 1897 822 1980 haec
844 1895 997 2002 effigies
1029 1910 1163 2000 parata
1189 1913 1273 1993 est,
1303 1909 1346 1974 et
1370 1892 1719 1994 naturali‘colore‚
1753 1897 1814 1977 uti
1839 1913 1935 2000 post
1959 1891 2129 1980 felicem

582 2036 770 2120 vasorum
787 2038 1070 2142 impletionem
1088 2033 1131 2118 se
1157 2030 1377 2136 monstrat,
1406 2029 1617 2139 expressa,
1652 2052 1772 2141 atque
1800 2037 1860 2118 ita
1875 2031 2061 2119 videmus
2083 2039 2127 2118 in

581 2176 658 2262 hac
689 2200 766 2284 per
799 2173 1100 2281 longitudinem
1143 2171 1305 2260 discissa
1336 2191 1450 2280 parte
1488 2199 1635 2262 verum
1679 2177 1864 2262 habitum
1900 2148 2130 2284 superficiei·

578 2321 804 2421 interioris,
832 2340 909 2424 pro
935 2321 1101 2402 maxima
1120 2333 1234 2425 parte
1269 2312 1339 2398 sua
1372 2319 1520 2401 intima
1546 2319 1684 2400 tunica
1715 2335 1874 2422 tectae,
1903 2341 1980 2424 pro
2013 2337 2124 2423 parte

578 2481 678 2545 vero
712 2457 924 2585 inferiores
944 2457 1046 2542 haec
1084 2456 1260 2564 separata
1297 2456 1531 2564 dependet;
1558 2458 1667 2545 unde
1703 2481 1846 2574 patet,
1886 2463 1992 2546 hanc
2018 2465 2133 2547 runi*

579 2625 669 2686 cam
701 2605 841 2686 etiam·
856 2597 1034 2685 seorsum
1060 2597 1270 2684 monstrari
1300 2599 1445 2708 posse,
1496 2604 1680 2705 quamvis
1716 2607 1760 2686 in
1794 2599 1896 2688 statu
1927 2599 2047 2705 sano,
2083 2623 2124 2685 et

576 2741 709 2828 nullus
734 2741 900 2828 morbus
933 2739 1183 2850 praegressus
1209 2741 1283 2844 srt,
1313 2763 1395 2847 quo
1430 2743 1648 2828 crassrtiem
1675 2745 1875 2854 insrgnem
1907 2745 2119 2854 aliquando

577 2885 770 2991 acquirit3
817 2907 937 2990 porro
962 2887 1007 2968 in
1041 2882 1121 2965 boc
1156 2879 1375 2989 specimine
1405 2880 1707 2992 conspiciuntur
1737 2890 1872 2994 plicae
1904 2885 2122 2995 longitud}

575 3011 709 3129 nales,
738 3046 838 3130 quae
865 3048 918 3110 err
942 3029 1024 3109 tela
1048 3020 1261 3128 conciola,
1288 3029 1605 3130 omnestunicas
1628 3029 1732 3112 iuter
1754 3025 1795 3110 se
1818 3003 2116 3134 connectente,

575 3163 799 3252 formantur
811 3167 830 3270 ’,ἵ
854 3185 898 3250 et
924 3163 1082 3251 faciunt
1455 3179 1457 3186 ’

631 3307 792 3412 Primo,
821 3327 868 3390 ut
906 3309 1076 3414 amplior
1112 3305 1225 3394 reddi
1255 3308 1380 3414 posl‘rt
1413 3313 1565 3396 canalis
1587 3328 1707 3417 atque
1736 3311 1822 3418 ejus
1849 3315 2021 3430 parietes
2038 3299 2115 3394 'ce-

574 3447 698 3556 dant,
724 3452 754 3536 s1
785 3451 902 3535 bolus
925 3449 1189 3558 depellendus
1218 3447 1321 3535 illud
1345 3453 1533 3557 requirat.
1734 3449 1736 3456 '

628 3590 843 3697 Secundo,
872 3591 1044 3701 spatium
1067 3611 1215 3702 augent
1241 3597 1470 3698 internum,
1509 3610 1557 3676 ut
1582 3610 1694 3676 tanto
1719 3592 1858 3700 majori
1881 3573 2002 3702 copia
2030 3617 2118 3676 vas·

571 3740 662 3823 cula
689 3734 941 3820 secerneutia
967 3736 1181 3820 humorem
1211 3734 1478 3818 lubricantem
1507 3755 1728 3818 excernere
1747 3733 1923 3842 possint,
1946 3749 1988 3814 et
2009 3734 2116 3838 glan-

570 3874 688 3960 dulae
714 3879 943 3983 muciparae
970 3874 1228 3960 commodam
1253 3877 1328 3961 srbi
1348 3873 1486 3962 sedem
1507 3875 1693 3958 habeant.
1744 3875 1861 3961 Haec
1887 3879 2051 3961 vascula
2072 3879 2114 3957 in

572 4023 685 4103 omui
720 4021 787 4102 illa
808 4037 921 4124 parte
953 4021 1146 4102 villorum
1170 4020 1427 4102 minimorum
1454 4014 1587 4102 forma
1617 4013 1946 4123 conspiciuntur,
1984 4037 2007 4096 a
2038 4037 2118 4120 qua

572 4159 712 4240 intima
747 4154 961 4261 epidermis
986 4153 1137 4241 sublata
1168 4175 1260 4261 est;
1290 4162 1334 4242 in
1367 4157 1572 4268 superiore
1603 4182 1706 4246 vero
1732 4179 1872 4267 parte,
1902 4177 2005 4264 quae
2039 4157 2114 4242 hac

571 4293 820 4404 epidermide
865 4315 975 4382 tecta
1021 4317 1115 4403 est,
1166 4303 1299 4386 miuus
1343 4300 1474 4386 nudae
1518 4303 1593 4386 hae
1635 4301 1844 4384 arteriolae
1883 4299 2113 4384 exhalantes

571 4459 784 4548 apparent,
822 4434 893 4522 sed
926 4438 1136 4548 glandulae
1169 4450 1395 4552 muciparae
1435 4442 1606 4550 majores
1641 4439 1840 4527 discretae
1864 4439 1933 4524 hic
1961 4438 2111 4545 promi·

572 4601 693 4673 nent,
736 4577 832 4666 dum
861 4577 909 4662 ad
939 4583 1140 4668 lateralem
1174 4583 1428 4694 superiorem
1452 4587 1671 4692 marginem
1710 4583 1875 4666 arteriae
1913 4575 2109 4688 oesopha-

571 4731 667 4830 g'eae
700 4719 867 4806 insertio
898 4726 1040 4808 relicta
1068 4743 1144 4810 est.
