4764 6328
653 451 703 533 ω
901 441 1218 526 leonum
1273 433 1941 518 sarronrcrron

646 691 726 774 que
759 663 878 748 fidam
916 683 1092 746 nostram
1135 657 1453 742 delineationem
1481 674 1759 756 comparemus
1806 679 1901 738 cum
1941 657 2189 762 praeceden-

641 809 751 892 tibus
795 807 1012 908 iconibus,
1070 823 1171 906 quae
1207 797 1329 880 durae
1362 797 1529 894 matris,
1569 795 1732 898 pleurae
1765 811 1833 876 aut
1871 799 2076 901 peritonei
2116 824 2190 880 na-

495 1039 499 1046 ,
643 971 769 1034 turam
798 949 995 1030 illustrant
1026 960 1071 1024 et
1097 940 1339 1024 ramulorum
1370 932 1557 1017 vasorum
1577 956 1652 1039 per
1676 933 1746 1017 has
1775 935 2021 1018 membranas
2050 935 2186 1022 distri-

640 1092 853 1174 butionem
882 1086 1232 1187 contemplemur,
1265 1077 1445 1182 patebit,
1482 1075 1600 1181 hujus
1634 1071 1757 1183 partis
1792 1057 2019 1160 structuram
2046 1105 2186 1185 parum

641 1253 708 1314 aut
733 1230 834 1314 nihil
865 1227 1088 1306 convenire
1118 1246 1211 1304 cum
1241 1220 1352 1300 hisce
1381 1217 1641 1317 membranis,
1684 1215 1801 1298 dictis
1830 1215 1992 1320 setosis,
2022 1217 2091 1301 sed
2116 1245 2183 1302 ac-

636 1371 780 1454 cedere
810 1369 973 1476 propius
1006 1360 1058 1444 ad
1078 1358 1311 1444 structuram
1334 1361 1574 1464 perieranii;
1605 1383 1723 1462 quarn
1754 1357 1874 1464 ideo,
1905 1365 1964 1442 uti
1991 1360 2180 1468 videtur,

637 1536 723 1596 non
756 1511 837 1594 fine
876 1511 1030 1591 ratione
1066 1501 1117 1584 ad
1149 1502 1395 1584 membranas
1424 1495 1634 1582 cellulosas
1668 1495 1916 1582 referendam
1951 1500 2040 1583 esse
2065 1525 2181 1609 puta-

563 1687 567 1696 ·
635 1655 692 1738 vi.
728 1651 867 1755 Itaque
894 1650 963 1733 has
988 1645 1235 1730 membranas
1258 1639 1495 1744 cellulosas,
1525 1643 1701 1744 aliasque
1733 1660 1865 1749 partes
1888 1643 2004 1724 simili
2028 1641 2183 1726 fabrica

638 1793 881 1902 gaudentes,
918 1793 1149 1875 nullatenus
1187 1788 1456 1891 inorganicas,
1496 1781 1703 1884 mucosas,
1737 1781 2059 1887 semilluidasque
2091 1784 2177 1868 esse

632 1931 823 2018 dicendas
851 1949 1068 2038 putamus,
1099 1923 1167 2007 sed
1195 1930 1281 2009 illas
1317 1948 1455 2006 revera
1493 1923 1736 2008 constituere
1764 1921 2017 2006 substantiam
2042 1931 2178 2010 vivam

628 2077 878 2176 organicam,
909 2073 972 2150 cui
998 2068 1161 2173 propria
1194 2086 1359 2168 quoque
1392 2082 1597 2170 competat
1624 2061 1767 2169 agendi
1795 2067 1925 2166 ratio,
1955 2068 2055 2148 mihi
2085 2089 2174 2172 per·

631 2207 785 2292 suasum
818 2225 906 2308 est,
948 2209 1008 2291 uti
1034 2224 1216 2314 ceterum
1245 2226 1293 2284 ex
1322 2181 1584 2310 functione,
1607 2229 1726 2312 quam
1758 2207 1892 2288 ubivis
1924 2208 1966 2287 in
2001 2229 2170 2314 corpore

624 2367 822 2458 praestat,
856 2347 1126 2432 confirmatur.
1190 2345 1419 2450 Aliquando
1463 2369 1624 2453 quoque
1663 2349 1705 2428 in
1732 2344 1832 2430 statu
1869 2345 2057 2429 morboso
2089 2352 2168 2430 cel-

628 2491 777 2574 lulosae
807 2487 1148 2574 constructionem
1185 2491 1691 2607 mechanico-organicam
1728 2491 1783 2572 ita
1804 2489 1854 2572 ad
1879 2493 2041 2572 oculum
2078 2512 2164 2571 auc-

622 2651 703 2716 tam
734 2631 847 2736 vidi,
878 2649 921 2716 ut
951 2657 1091 2717 revera
1122 2637 1276 2718 nullum
1308 2631 1476 2717 dubium
1505 2630 1693 2738 superfit,
1734 2633 1834 2735 quin
1860 2632 1904 2711 in
1938 2627 2042 2712 statu
2073 2627 2164 2711 sano

623 2777 742 2856 etiam
763 2771 893 2874 fibris,
922 2776 1120 2878 lamellis,
1144 2776 1504 2882 cellulisque,s1bi
1526 2778 1711 2884 proprios
1733 2776 1777 2854 in
1797 2769 1960 2854 diversrs
1988 2771 2164 2876 partibus

619 2915 810 3002 humores
844 2916 1185 3022 secernentibus,
1229 2919 1533 3002 continentibus
1571 2933 1615 2999 et
1655 2914 1944 3017 moventibus,
1990 2907 2158 2993 constet.

620 3053 717 3137 Hoc
739 3074 874 3139 autem
885 3061 1040 3164 patebit
1062 3061 1206 3142 clarius
1220 3120 1233 3162 ,
1249 3080 1465 3168 postquam
1489 3065 1663 3166 primum
1685 3062 1806 3142 etiam
1820 3056 1990 3139 musculi
2007 3055 2160 3158 obliqui

618 3200 778 3280 externi
810 3195 1125 3284 delineationem
1155 3203 1352 3304 exhibui,
1392 3222 1434 3286 et
1453 3209 1496 3288 in
1516 3201 1698 3306 sequenti
1731 3195 1980 3304 specimine,
2010 3198 2164 3276 nonita

617 3331 833 3441 morboso,
886 3361 1004 3442 quam
1034 3340 1201 3444 quidem
1244 3364 1407 3429 naturae
1445 3344 1698 3450 diligentiore
1730 3345 1892 3424 actione
1928 3340 1982 3419 ita
2013 3333 2157 3418 consti-

616 3491 733 3582 tuto,
791 3496 837 3562 ut
878 3482 1095 3584 particulae
1140 3507 1284 3568 omnes
1316 3489 1441 3594 magis
1480 3485 1601 3569 solito
1631 3483 1819 3566 evolutae
1851 3481 1955 3582 stnt,
1992 3480 2160 3561 ulterius

610 3617 710 3704 haec
737 3637 873 3706 nostra
906 3619 1102 3710 sententia
1129 3623 1440 3713 confirmabitur.

1050 4042 1701 4146 FIGURAsII.

664 4451 845 4540 Exhibet
863 4455 964 4540 haec
980 4459 1134 4562 pictura
1159 4461 1390 4563 portionem
1411 4470 1582 4549 musculi
1606 4465 1763 4570 obliqui
1789 4467 1946 4548 externi
1970 4460 2148 4544 abdomi-

609 4600 672 4680 nis
687 4593 851 4682 infantit
871 4615 1010 4682 recens
1037 4601 1117 4683 nati
1132 4623 1182 4704 ,a
1202 4621 1281 4708 qua
1307 4626 1404 4688 mox
1426 4603 1624 4708 descripta
1648 4609 1728 4689 tela
1750 4603 1937 4690 cellulosa
1966 4603 2143 4709 separata

608 4733 701 4820 suit.
742 4731 1001 4846 Conspicitur
1029 4741 1072 4826 in
1098 4737 1173 4826 hac
1198 4759 1311 4850 parte
1337 4746 1457 4834 etiam
1490 4745 1722 4834 distributio
1749 4750 2004 4836 vasculorum
2031 4745 2149 4834 mini·
