4764 6328
593 494 710 607 'm
846 491 1167 576 leonn-
1228 485 1893 575 hennentonam

593 739 670 800 nes
701 685 860 816 motus,
880 711 965 798 live
998 708 1220 794 secundum
1257 729 1437 790 normam
1465 707 1642 812 sanitatis
1667 711 1835 818 simplex
1862 717 2130 817 peristalticus

591 859 667 963 srt,
696 858 779 942 srve
799 855 875 939 snat
895 855 1102 936 abnonnes
1131 856 1176 936 in
1197 850 1370 951 morbis,
1400 847 1674 956 spasmodicor
1700 849 1892 959 perficere
1913 854 2060 960 debet,
2090 879 2130 940 et

592 1001 760 1082 eumin
793 995 916 1078 linem
948 995 1220 1078 irritabilitate
1237 990 1390 1096 insigni
1428 989 1614 1097 praedita
1641 1006 1719 1076 est.

647 1135 824 1224 inferior
847 1133 1128 1242 huiusobjecti
1147 1157 1264 1242 pars,
1282 1134 1484 1236 tunicam,
1507 1155 1620 1238 aqua
1639 1158 1734 1220 mox
1760 1134 1957 1244 descripta
1981 1133 2129 1245 separa·

590 1271 635 1360 ta
660 1296 744 1380 est,
774 1271 965 1360 monstrat
1002 1273 1122 1359 valde
1158 1274 1446 1380 compositam
1477 1279 1628 1359 etenim
1662 1280 1835 1383 primum
1863 1277 2018 1362 constat
2054 1283 2130 1361 tela

590 1417 783 1504 cellulosa
805 1413 1021 1522 solidiore,
1050 1439 1169 1524 quam
1189 1439 1233 1497 ea
1249 1435 1336 1519 est,
1368 1439 1471 1520 quae
1492 1418 1638 1500 ceteris
1655 1419 1805 1501 manicis
1826 1419 2065 1526 interiacet,
2091 1439 2132 1502 et

590 1559 705 1642 simul
735 1559 951 1662 crassiore,
979 1561 1035 1642 ita
1054 1576 1101 1641 ut
1122 1555 1233 1641 basin
1256 1576 1372 1662 atque
1394 1552 1569 1652 sormam
1591 1559 1774 1644 intestini
1798 1557 2025 1644 constituat
2058 1560 2131 1644 Est

588 1704 669 1786 albi
690 1703 864 1803 coloris,
892 1721 1009 1806 quare
1034 1703 1153 1783 etiam
1175 1701 1381 1782 nonnullis
1406 1720 1555 1780 nervea
1582 1701 1782 1805 appellata
1797 1719 1887 1802 est,
1917 1699 2022 1805 quali
2047 1717 2128 1782 tota

590 1845 725 1926 nervis
748 1837 852 1923 esset
878 1838 1071 1941 conflata,
1100 1838 1211 1946 quod
1240 1862 1324 1920 non
1344 1839 1557 1924 veristmile
1584 1838 1760 1943 videtur,
1789 1843 1973 1946 quamvis
1994 1846 2126 1955 nervis

584 1984 776 2072 ditisstma
800 1983 874 2083 lit;
902 2005 1074 2086 quotum
1100 1981 1296 2067 subtilitas
1317 2005 1428 2065 vero
1446 1999 1555 2066 tanta
1577 2000 1661 2086 est,
1690 1998 1737 2066 ut
1764 1985 1976 2066 oculorum
2002 1985 2126 2064 aciem

587 2125 768 2234 fugiant,
797 2143 931 2229 neque
955 2139 1039 2208 arte
1068 2122 1258 2230 quadam,
1285 2128 1537 2241 utivascula
1561 2125 1949 2214 minima.vis1biles
1978 2125 2130 2230 possint

590 2263 716 2351 reddi.
747 2261 843 2348 Nec
870 2266 1034 2364 mirum3
1062 2267 1105 2346 in
1123 2265 1432 2351 vastissrmorum
1455 2269 1566 2348 enim
1584 2268 1855 2350 musculorum
1874 2263 2002 2367 fibris,
2030 2289 2125 2370 quae

590 2406 807 2491 voluntatis
838 2405 1010 2512 imperio
1032 2403 1259 2510 obediunt,
1289 2406 1472 2512 adeoque
1504 2427 1620 2492 certo
1648 2409 1796 2491 certius
1825 2431 2044 2492 nervorum
2065 2432 2125 2488 ac-

589 2551 705 2632 tione
732 2543 979 2653 diriguntur,
994 2569 1122 2666 aeque
1147 2547 1238 2633 sunt
1262 2551 1505 2650 invisibiles,
1520 2566 1640 2652 atque
1662 2551 1706 2631 in
1728 2553 2009 2634 intestinorum
2022 2545 2125 2632 fibris

517 2787 522 2796 ¹
587 2687 892 2773 muscularibus.
948 2688 1052 2772 Aliis
1082 2688 1179 2772 ideo
1214 2689 1420 2776 vasculosa
1455 2694 1645 2798 appellari
1678 2689 1826 2773 debere
1860 2688 1992 2776 visum
2023 2687 2123 2792 filit,

588 2841 756 2940 piopter
776 2827 866 2913 vasa
900 2827 1141 2938 sanguifera,
1182 2855 1354 2937 quorum
1391 2837 1628 2940 praecipua,
1669 2853 1773 2937 quae
1808 2829 1859 2913 ad
1897 2827 2124 2914 structuram

589 2973 876 3056 intestinorum
901 2972 1132 3079 pertinent,
1168 2971 1261 3058 suos
1295 2997 1427 3058 ramos
1454 2979 1498 3056 in
1528 2975 1603 3057 hat
1633 2975 1862 3058 membrana
1887 2973 2126 3080 conspicuos

589 3110 822 3200 monstrant.
869 3112 1055 3198 Veniunt
1081 3119 1213 3199 trunci
1245 3118 1294 3198 ab
1329 3135 1497 3222 utraque
1519 3117 1701 3198 intestini
1730 3138 1871 3222 parte,
1898 3137 2003 3220 quae
2038 3140 2126 3198 cum

589 3250 829 3338 melenrerio
853 3253 1071 3362 conjuncta
1088 3252 1191 3360 suit,
1217 3277 1260 3340 et
1288 3260 1579 3342 arbuscularum
1606 3263 1650 3342 in
1672 3257 1838 3340 modum
1869 3263 1967 3340 rami
1998 3255 2126 3341 diatri-

550 3368 559 3383 ’
585 3395 793 3499 bnmtur,
823 3397 879 3478 ita
909 3414 956 3478 ut
980 3400 1024 3479 in
1048 3395 1288 3482 mesenterio
1311 3401 1492 3509 opposrta
1517 3417 1631 3506 parte
1659 3401 1778 3481 etiam
1803 3421 1878 3503 per
1901 3417 2124 3482 mmtomo

587 3533 652 3621 sea
683 3541 862 3620 minores
899 3559 1038 3621 eonam
1075 3537 1296 3624 diviliones
1343 3541 1656 3649 conjungantur,
1699 3543 1824 3644 inque
1858 3536 1931 3622 suo
1966 3538 2130 3624 decursu

587 3683 754 3765 minima
782 3683 944 3766 vascula
977 3679 1130 3765 tradant
1165 3686 1342 3787 tunicis,
1377 3685 1522 3788 quibus
1558 3685 1739 3789 proxime
1789 3681 1993 3764 accumbit
2030 3682 2126 3763 haec

589 3819 841 3920 menrbrana3
867 3822 924 3904 ita
954 3819 1021 3906 dat
1053 3828 1222 3908 ramulos
1254 3829 1454 3910 exteriora
1478 3823 1616 3908 versus
1643 3820 1754 3906 libris
1783 3825 1943 3905 turritae
1970 3847 2126 3907 muscu-

588 3961 678 4047 laris
705 3979 750 4044 et
779 3965 953 4046 extimae
982 3965 1259 4072 membranae,
1284 3989 1388 4072 quae
1413 3984 1547 4050 tamen
1573 3991 1594 4048 a
1620 3969 1832 4071 peritoneo
1863 3968 2023 4070 propria
2047 3985 2131 4046 vas·

591 4103 683 4184 cula
708 4104 831 4182 etiam
855 4103 1029 4206 accipit;
1067 4099 1161 4186 dum
1195 4109 1384 4194 interiora
1417 4107 1557 4193 versus
1589 4111 1718 4191 multo
1746 4103 1940 4210 majorem
1974 4111 2129 4211 copiam

591 4235 754 4320 tradunt
786 4242 946 4322 tunicae
984 4239 1148 4325 villosae
1188 4254 1307 4352 plicis
1349 4269 1393 4334 et
1429 4252 1621 4352 valvulis,
1676 4269 1780 4352 quae
1823 4242 2129 4329 fundamentum

591 4377 703 4462 sanam
717 4378 868 4462 habent
894 4405 946 4466 ex
968 4381 1217 4491 duplicatum
1242 4393 1406 4476 intimae
1431 4389 1653 4500 superficiei
1675 4387 1794 4494 huius
1818 4392 1998 4492 nanicae,
2013 4411 2129 4494 quam

591 4517 690 4602 ideo
723 4523 1159 4610 nerveo·vasculosam
1193 4535 1466 4639 appellamus,
1508 4552 1628 4637 atque
1663 4528 1826 4612 tandem
1858 4533 2024 4612 intimae
2054 4531 2129 4611 vil·

593 4665 666 4764 lia,
694 4661 837 4767 quibus
866 4666 1046 4768 partibus
1074 4669 1376 4760 constructione
1407 4678 1601 4782 plicarum
1634 4690 1678 4753 et
1704 4673 1951 4756 valvulnmm
1984 4669 2130 4754 eodem

594 4801 717 4890 modo
741 4799 968 4909 [respicere
981 4805 1141 4894 videtur
1160 4813 1260 4898 naec
1274 4819 1530 4920 membrana,
1547 4833 1665 4918 atque
1680 4818 1747 4919 pia
1760 4831 1884 4895 mater
1897 4805 2127 4896 submotae
