4728 6338
524 445 1037 532 Fasctcutus
1092 445 1459 592 quartur.
1647 488 1784 566 -73

302 672 502 780 „Primo
535 674 644 753 enim
676 671 885 773 exigui'in
911 669 1188 756 intestinorum
1226 675 1455 780 principio,
1497 676 1644 762 deinde
1672 705 1781 788 gran-

244 817 378 901 diores
401 817 443 896 in
464 810 640 918 ipsorum
661 805 896 914 progressu,
927 805 1090 889 demum
1120 813 1281 894 maximi
1309 817 1350 896 in
1383 838 1524 900 eorum
1552 825 1662 902 exitu
1686 844 1784 901 con-

242 957 486 1062 spiciuntur3
527 971 587 1032 est
614 968 657 1032 et
682 948 753 1030 ubi
781 950 921 1052 ingens
958 952 1139 1032 intestini
1178 968 1323 1034 tractus
1361 957 1479 1062 hujus
1513 961 1623 1042 modi
1662 967 1784 1068 plexu

243 1094 479 1204 glanduloso
527 1067 647 1174 dense
687 1109 729 1172 et
767 1091 896 1174 veluti
931 1093 1158 1173 racematim
1199 1093 1376 1178 consitus
1414 1119 1605 1205 apparet,
1659 1102 1781 1208 idque

242 1243 348 1322 circa
389 1240 456 1318 ilei
491 1237 788 1316 extremitatem
822 1227 911 1310 fere
940 1251 1181 1336 perpetuum
1219 1253 1311 1340 est,
1354 1243 1418 1322 cui
1458 1241 1669 1346 glandulae
1710 1247 1783 1328 bae

240 1384 345 1467 adeo
383 1377 577 1482 videntur
613 1374 698 1458 esse
730 1372 977 1456 domesticae
1008 1396 1053 1454 ac
1088 1373 1357 1482 necessariae,
1387 1398 1443 1462 ut·
1467 1387 1647 1484 quamvis
1675 1406 1781 1468 cete-

238 1549 280 1606 ra
312 1523 505 1606 intestina
539 1521 586 1601 iis
623 1513 792 1598 subinde
829 1533 1006 1620 egeant,
1057 1533 1191 1596 tamen
1225 1518 1306 1598 hoc
1347 1542 1552 1624 nunquam
1593 1523 1782 1610 destitua-

236 1687 325 1770 tur,
356 1671 440 1749 imo
472 1661 596 1746 sicubi
629 1664 673 1743 in
695 1656 886 1742 duodeno
909 1675 1026 1765 atque
1047 1656 1188 1764 jejuno
1217 1657 1385 1764 desunt,
1417 1664 1461 1743 in
1483 1665 1563 1745 ileo
1593 1663 1778 1751 defectus

238 1809 309 1891 ille
338 1827 506 1888 numero
532 1799 761 1911 supletur.”
791 1796 851 1881 (ι)
1351 1891 1359 1903 ,

292 1946 359 2032 Ex
384 1949 499 2030 hisce
521 1949 657 2028 verbis
682 1959 824 2049 patet,
851 1943 1128 2048 Peyerum
1162 1947 1206 2026 in·
1227 1942 1418 2028 duodeno
1451 1968 1495 2031 et
1525 1948 1664 2054 jejuno
1693 1977 1780 2056 non

236 2084 387 2174 vidisse
421 2083 648 2194 glandulas,
677 2089 746 2169 vel
783 2086 813 2168 fi
844 2085 1059 2212 aliquando
1091 2084 1133 2166 se
1166 2109 1230 2170 eas
1262 2089 1329 2173 hic
1363 2088 1565 2172 detexisse
1594 2101 1775 2200 putavit,

234 2233 321 2314 illas
350 2247 511 2335 partes,
541 2251 637 2332 quas
676 2224 880 2334 glandulas
924 2229 1083 2329 habuit,
1115 2225 1238 2309 fuisse
1282 2231 1517 2336 corpuscula
1559 2231 1773 2336 quaedam,

231 2369 416 2453 morbosa
449 2368 762 2476 degeneratione
798 2371 990 2452 villorum
1027 2367 1246 2476 producta3
1302 2375 1453 2455 etenim
1486 2373 1515 2454 ss
1550 2373 1599 2454 ad
1632 2373 1776 2458 statum

232 2511 372 2596 sanum
403 2515 685 2594 intestinorum
728 2515 977 2615 pertinerent
1011 2515 1079 2595 illa
1117 2514 1382 2618 corpuscula,
1438 2536 1540 2616 quac
1577 2515 1782 2618 glandulas·

231 2657 418 2752 vocavit,
448 2675 533 2734 non
566 2649 834 2755 observasset,
864 2675 910 2733 ea
933 2651 1101 2736 subinde
1128 2660 1292 2760 penitus
1324 2653 1489 2757 deesse3
1520 2655 1630 2762 'quod
1662 2661 1772 2738 enim
1818 2641 1821 2650 ’

209 2797 407 2902 vnaturale
438 2812 526 2896 est,
570 2792 653 2877 sese
679 2792 837 2901 semper
869 2793 1075 2880 scrutatori
1122 2793 1309 2900 praesens
1346 2793 1536 2878 monstrat
1562 2802 1605 2880 in
1630 2795 1765 2883 subtili
1829 2817 1832 2828 ’

227 2941 400 3041 partium
433 2932 613 3036 sabrica3
642 2936 800 3038 hocque
836 2957 887 3016 eo
919 2939 1043 3042 magis
1080 2939 1296 3043 probatur,
1338 2938 1369 3021 fi
1394 2937 1577 3020 videmus
1604 2939 1770 3043 Peye-

231 3103 367 3183 rum,
402 3079 483 3160 alio
506 3080 600 3159 loco
624 3058 893 3180 scribentem,
924 3075 1007 3158 sese
1039 3078 1129 3161 casu
1163 3084 1324 3184 potius,
1356 3103 1476 3182 quarn
1507 3078 1596 3161 data
1621 3101 1767 3184 opera,

229 3224 295 3302 vel
335 3219 504 3324 praevio
543 3216 708 3298 consrlio
752 3217 801 3298 ad
835 3221 1020 3302 notitiam
1063 3221 1200 3304 harum
1240 3221 1512 3328 glandularum
1562 3227 1771 3327 pervenis-

230 3357 271 3440 se
301 3355 374 3440 (ο).
441 3358 509 3440 Ex
553 3358 697 3460 quibus
738 3359 925 3443 omnibus
966 3378 1094 3467 puto,
1145 3385 1230 3444 non
1268 3367 1372 3447 vitio
1420 3359 1502 3444 dari
1544 3360 1690 3467 posse,
1716 3364 1771 3446 st

232 3499 387 3600 dicam,
417 3500 516 3582 mihi
541 3497 720 3578 nondum
752 3496 803 3579 de
839 3523 975 3584 earum
1002 3500 1226 3608 praesentia
1260 3507 1307 3584 in
1342 3499 1445 3584 statu
1476 3505 1641 3584 naturali
1680 3523 1769 3606 per·

228 3641 383 3726 suasum
412 3628 525 3744 esse,
566 3645 689 3726 etiam
724 3664 847 3744 quum
880 3641 966 3748 ipse
1002 3644 1067 3726 Cl.
1098 3640 1191 3724 Th.
1223 3642 1560 3743 Soemering
1587 3635 1765 3738 fatetur,

228 3807 292 3864 eas
324 3787 473 3890 partim
503 3784 559 3863 ob
587 3782 761 3890 ipsarum
787 3785 1008 3866 exilitatem
1035 3788 1179 3889 partim
1208 3784 1263 3864 ob
1285 3784 1523 3878 tenuitatem
1558 3795 1675 3883 atque
1706 3779 1766 3859 in-

226 3923 455 4012 firmitatem
477 3930 660 4012 intestini
674 3930 804 4012 tenuis
828 3947 1050 4029 nonaeque
1066 3923 1278 4030 semperin
1292 3921 1435 4004 oculos
1458 3921 1675 4006 incurrere.
1705 3913 1764 3996 (a)
1870 3925 1874 3930 ·

266 4185 326 4269 (ι)
347 4184 449 4256 Cous.
473 4185 518 4255 T.
542 4187 585 4256 C.
607 4175 829 4270 Peyetus,
860 4185 898 4250 de
916 4180 1080 4269 glandulis
1109 4183 1343 4247 intestinorum.
1386 4177 1609 4264 Pomptina,
1633 4172 1715 4258 Cap.
1738 4173 1765 4238 Ι.

223 4302 417 4383 μόαῃ

263 4416 324 4501 (a)
345 4417 447 4487 Conf.
474 4418 519 4486 L.
541 4417 584 4488 C.
608 4439 644 4504 p.
669 4441 723 4504 24.
1741 4495 1744 4500 ,

268 4531 328 4616 (3)
345 4530 452 4613 Conf,
471 4530 540 4622 Ta,
562 4533 705 4603 Socm.
731 4533 768 4600 de
789 4533 883 4620 corp.
905 4535 1037 4600 humani
1051 4531 1207 4617 fabrica,
1234 4527 1331 4598 Turn.
1358 4525 1417 4593 Vl.
1444 4529 1476 4610 ς.
1501 4528 1572 4592 208.
1598 4541 1669 4607 pag.
1693 4537 1769 4602 495.

221 4653 254 4711 et
275 4644 346 4732 [ηε
1308 4673 1314 4682 ·

611 4760 617 4800 ²
1492 4777 1542 4839 to
