4728 6338
593 395 1104 483 raperentur
1158 387 1529 482 ‘scurrula
1781 397 1855 532 ⁶7*

632 957 1386 1106 ‡cnuuunxm

350 1533 584 1700 Ejusdem
622 1595 851 1694 intestini‚.
873 1591 985 1696 quod
1022 1590 1293 1696 praecedente
1331 1567 1456 1676 icond
1483 1590 1726 1680 delineatum
1755 1618 1827 1680 ex·

293 1734 430 1834 abui,
455 1733 834 1840 alterazsuperiicics
867 1732 908 1816 se
937 1737 1004 1818 bic
1030 1731 1353 1838 conspiciendam
1383 1731 1518 1818 offert.

346 1877 395 1958 ln
423 1873 625 1980 superiore
652 1873 737 1976 ejus
757 1899 904 1978 parte,
929 1891 1041 1980 „quae
1078 1873 1231 1955 constat
1254 1879 1388 1956 tainica
1416 1878 1561 1970 extima
1583 1895 1703 1980 atque
1725 1901 1829 1962 mus·

291 2021 446 2117 malari,
482 2038 558 2096 una
588 2012 770 2117 sepnmtis
806 2037 828 2096 a
862 2020 998 2097 tunica
1038 2015 1243 2096 vasculoso
1283 2027 1456 2115 uervca,'
1483 2039 1675 2120 apparent
1705 2016 1826 2102 fibrae
1927 2045 1937 2056 ’

225 2206 230 2217 -
287 2159 528 2238 musculares
558 2150 820 2254 transversae,
848 2151 939 2236 satis
967 2155 1162 2260 infigam,
1194 2179 1286 2236 ccam
1307 2156 1452 2256 quibus
1479 2157 1598 2236 ctiam
1623 2161 1747 2258 rami,
1776 2158 1824 2239 ab
1939 2243 1942 2254 ,

286 2299 445 2378 arteriis
471 2298 722 2377 membranae
754 2294 981 2376 vasculosae
1016 2301 1124 2394 orti,
1155 2293 1366 2399 conjuncti
1397 2293 1723 2398 conspiciuntur,
1752 2303 1824 2403 qui

286 2433 447 2539 quidum
479 2436 545 2514 hic
575 2435 757 2537 majores
778 2433 890 2534 sunt,
919 2459 1035 2538 quam
1065 2438 1152 2536 illi,
1182 2439 1328 2538 quiex
1362 2433 1506 2516 iisdem
1531 2455 1820 2540 provenerant,

284 2574 355 2656 scd
392 2575 625 2657 exilioribus
662 2579 820 2657 ramulis
857 2600 931 2680 per
965 2581 1153 2659 extimam
1179 2594 1438 2680 apparuemut
1473 2573 1689 2657 distributi.
1742 2577 1822 2658 Sub

282 2717 355 2797 ine
381 2735 492 2822 parte
527 2720 684 2798 tunicae
716 2714 924 2798 vasculoso
965 2731 1138 2799 ucrcreac
1178 2705 1605 2818 exterior'superficies
1628 2731 1817 2818 apparet,

283 2881 311 2938 a
346 2877 424 2961 qua
469 2863 700 2940 muscularis
745 2858 918 2962 separata
955 2877 1045 2958 est;
1093 2881 1194 2962 quae
1224 2880 1325 2941 vero
1366 2852 1593 2935 adhucdum
1632 2857 1820 2937 cohaeret
1872 2849 1877 2860 ’

280 3017 370 3080 cum
407 3001 546 3080 intima
587 2999 754 3102 villosa,
798 2997 911 3081 *uude
957 3001 1057 3081 hacc
1092 3023 1181 3104 pars
1217 3001 1348 3080 minus
1391 2994 1591 3100 pellucido
1625 2994 1814 3101 videtur,

280 3157 396 3243 qaum
433 3135 507 3244 ipsa
541 3143 758 3237 continua,
788 3163 810 3218 a
839 3161 916 3240 qua
949 3137 1258 3252 intima‘villosa
1288 3141 1407 3218 eciam
1448 3133 1623 3240 separata
1655 3154 1739 3236 est,
1771 3154 1816 3218 et

279 3276 470 3360 iuferiora
510 3277 647 3360 versus
691 3280 837 3362 reflexa
874 3278 1049 3382 pendet3
1100 3283 1144 3361 in
1181 3281 1304 3360 hacce
1340 3277 1568 3360 membrana
1604 3277 1813 3360 vasculoso

278 3435 425 3500 uervea
454 3421 744 3522 elegantissrma
778 3423 1023 3523 conspicitur
1060 3416 1244 3500 vasorum
1278 3415 1621 3520 sanguineorum,
1652 3419 1815 3498 materia

277 3561 392 3640 rubra
421 3555 671 3642 subtilissima
701 3565 992 3664 impleturum,
1019 3561 1275 3659 distributio,
1304 3580 1406 3660 quae
1432 3556 1596 3660 quidem
1622 3562 1739 3662 copia
1768 3575 1812 3639 et

277 3699 471 3783 diametro
505 3699 659 3807 majora
690 3700 876 3784 videntur
903 3705 946 3784 in
981 3703 1207 3806 superiore,
1256 3720 1373 3801 quam
1412 3701 1455 3779 in
1486 3691 1680 3777 inferiore
1711 3694 1806 3816 ejus
1854 3751 1856 3756 ,

275 3847 411 3945 parte3
454 3843 533 3921 hoc
566 3847 744 3924 vcroita
770 3842 1044 3926 tantummodo
1077 3837 1264 3939 videtur,
1309 3839 1496 3938 quoniam
1530 3834 1708 3940 superior
1739 3835 1809 3920 ad·

273 3983 353 4064 huc
386 3981 575 4064 cohaeret
600 4005 690 4065 cum
722 3989 883 4087 intima,
936 3983 1030 4069 dutn
1062 3979 1231 4064 inferior
1261 4000 1334 4081 pro
1376 3998 1490 4081 parte
1520 3977 1692 4058 vasculis
1724 3975 1805 4060 suis

271 4123 515 4226 catorbite,
546 4147 642 4228 quae
676 4124 842 4208 abscissa
871 4122 960 4208 sunt
991 4129 1035 4208 in
1064 4123 1308 4228 separatione
1345 4121 1538 4220 intimae,
1569 4139 1671 4222 quae
1704 4140 1804 4224 peu·

272 4262 338 4345 det
367 4282 487 4368 atque
523 4265 628 4348 salam
661 4267 896 4351 interiorem
932 4263 1181 4373 superficiem
1210 4257 1391 4342 villosam
1425 4253 1624 4338 monstrat.

324 4402 441 4488 Haec
462 4401 580 4510 stant,
609 4427 711 4514 qasao
733 4409 936 4492 adsunam
962 4408 1080 4514 hujus
1104 4406 1228 4514 partis
1262 4399 1540 4483 conditionem
1571 4404 1798 4505 pertinent,

267 4565 414 4630 vemm.
434 4555 555 4633 etiam
587 4553 634 4632 ab
662 4551 733 4632 hac
759 4569 869 4655 parte
901 4567 1093 4656 apparent
1124 4541 1301 4649 dispersa
1331 4541 1524 4643 quaedam
1559 4540 1798 4642 corpuscula

266 4685 460 4794 manucla,
490 4711 591 4794 quac
617 4671 805 4797 congerie
830 4693 1081 4778 vasculorum
1108 4681 1326 4791 composita
1360 4679 1573 4780 videntur,
1614 4695 1657 4761 et
1686 4699 1798 4766 men·

1475 4837 1581 4922 922
