4764 6328
594 493 1489 584 transmiseramus·
1764 531 1810 608 13

279 742 354 804 nes
385 724 566 828 incipere
598 736 780 826 apparet3
809 743 863 802 ex
892 715 1023 802 fundo
1055 723 1163 804 enim
1193 713 1313 824 huius
1339 720 1597 804 membranae
1630 718 1813 828 duplices

280 861 491 968 processus
520 864 834 968 prolongantur,
864 881 966 966 quae
995 863 1039 944 in
1064 857 1316 968 specimine,
1346 860 1406 942 uti
1427 881 1535 943 nunc
1556 882 1701 944 aneau
1720 885 1814 945 curn

276 999 487 1088 substantia
524 1002 681 1086 cerebri
716 997 890 1086 solutum
921 1019 964 1084 et
993 1004 1242 1112 explicatum
1271 999 1447 1084 servatur
1480 1020 1522 1086 et
1551 1007 1704 1110 pictum
1726 1025 1811 1106 est,

275 1142 457 1248 pendent
510 1140 629 1228 instar
677 1145 869 1250 plicarum
913 1138 1148 1250 majorum,
1209 1163 1261 1226 ex
1296 1165 1460 1249 quarum
1505 1149 1616 1230 omni
1657 1143 1813 1228 ambitu

275 1282 492 1370 holoserici
519 1283 635 1368 instar
668 1286 899 1394 prominent
927 1285 1197 1368 arteriolarurn
1228 1288 1408 1390 penicilli
1443 1286 1685 1390 tenuissrmi,
1716 1285 1809 1389 sed,

275 1425 463 1531 quamdiu
499 1431 547 1510 in·
575 1449 747 1533 corpore
781 1432 823 1512 in
844 1422 925 1510 'suo
960 1426 1040 1510 srtu
1075 1444 1116 1506 et
1152 1446 1260 1508 nexu
1298 1431 1462 1510 nauarali
1503 1451 1597 1512 cum
1630 1429 1807 1532 viscere,

277 1566 387 1672 quod
414 1586 552 1651 tuetur
577 1585 695 1674 atque
722 1570 848 1650 nutrit
875 1567 976 1649 haec
1005 1565 1257 1669 membrana,
1287 1568 1418 1650 locata
1448 1588 1554 1672 erat,
1586 1570 1631 1653 hi
1649 1594 1810 1676 proces-w

275 1708 339 1792 sus
372 1707 585 1793 introrsum
609 1709 929 1791 recondebantur
970 1711 1076 1792 inter
1114 1709 1274 1791 lobulos
1311 1705 1647 1796 intestiniformes
1677 1716 1808 1806 omnis

274 1847 510 1934 substantiae
539 1851 593 1934 src
627 1849 758 1932 dictae
787 1849 987 1932 corticalis
1010 1849 1192 1952 cerebri,
1219 1851 1304 1930 irno
1332 1846 1443 1930 forte
1462 1848 1702 1955 profrurdius
1736 1879 1809 1962 pe-

275 2012 433 2074 netrant
465 1991 513 2074 ad
549 1994 835 2095 medullarem,
872 1988 1010 2075 saltem
1035 1992 1239 2072 nonnullis
1271 1992 1313 2070 in
1348 1993 1463 2073 locis.
1524 1993 1681 2103 Quibus
1717 2020 1810 2100 pro·

274 2133 450 2216 cessrbus
482 2129 634 2217 sactum
676 2151 766 2236 est,
804 2151 851 2216 ut
876 2127 1107 2238 superficies
1141 2133 1209 2216 illa
1234 2129 1349 2236 hujus
1380 2135 1633 2218 membranae
1667 2141 1807 2245 ingen-

216 2287 218 2292 ’
273 2293 360 2356 tern-
388 2281 431 2358 in
461 2275 627 2358 modum
654 2279 709 2355 ita
729 2275 966 2381 augeretur,
1004 2293 1049 2356 ut
1074 2277 1327 2358 vasculorum
1356 2269 1698 2360 subtilissrmontm
1736 2303 1807 2359 co-

273 2420 360 2521 pia,
400 2417 543 2519 quibus
582 2413 734 2516 scatet,
787 2415 892 2519 justa
925 2413 975 2496 ad
1005 2437 1171 2498 omnem
1205 2415 1361 2497 cerebri
1393 2412 1643 2500 substantiam
1669 2419 1807 2526 posset

273 2557 374 2660 feri,
416 2580 493 2660 qua
529 2558 601 2665 ipsr
642 2581 744 2664 opus
781 2577 863 2660 est,
895 2577 982 2642 tum
1012 2555 1061 2638 ad
1090 2557 1301 2639 nutritioni
1334 2555 1422 2661 ejus
1453 2557 1803 2664 prospiciendum,

191 2715 194 2720 ·
272 2717 357 2779 turn
404 2701 571 2780 maxime
607 2695 716 2780 forre
759 2698 810 2780 ad
847 2721 935 2781 earn
975 2717 1106 2805 aptam
1151 2697 1425 2802 reddendam,
1476 2721 1521 2784 ut
1562 2700 1629 2784 sua
1667 2727 1806 2784 recon-

273 2841 356 2922 dita
387 2843 464 2924 huc
495 2863 623 2948 usque
651 2845 787 2924 intima
818 2840 1010 2924 structura
1035 2837 1204 2923 fluidum
1227 2838 1328 2923 illud
1351 2837 1647 2926 subtilissrrnum
1679 2841 1805 2923 secer-

273 3004 369 3062 nere
399 2981 545 3087 possrt,
576 2981 686 3086 quod
720 2981 768 3063 ad
797 2985 1000 3088 energiam
1028 2979 1189 3066 sensorii
1216 2982 1336 3088 ipsius
1365 3005 1484 3087 atque
1515 3005 1729 3068 nervorum
1757 3011 1807 3067 eu

273 3149 322 3206 eo
355 3127 575 3208 orientium
603 3128 709 3209 vires
740 3123 976 3208 exserendus
1006 3129 1233 3228 requiritur.

333 3266 391 3346 lta
417 3286 520 3370 crgo
537 3284 699 3372 apparet
728 3266 844 3372 hujus
877 3267 1129 3348 membranae
1152 3290 1247 3372 prae
1271 3268 1457 3350 omnibus
1478 3271 1564 3376 aliis
1594 3267 1804 3372 descriptis

271 3411 456 3492 nobilitas
487 3426 529 3487 ct
559 3413 828 3510 excellentia3
857 3413 994 3514 pleura
1027 3411 1160 3509 enim,
1183 3430 1309 3511 aeque
1337 3432 1381 3490 ac
1407 3409 1502 3491 dura
1525 3431 1650 3494 mater
1673 3427 1715 3493 et
1734 3438 1806 3516 pc·

269 3555 500 3646 ricorrcum,
525 3552 719 3650 liquorem
753 3545 948 3648 secernit,
991 3571 1073 3650 quo
1103 3545 1279 3629 lubricae
1308 3547 1379 3631 srbi
1411 3551 1648 3656 adjacentes·
1675 3571 1804 3654 partes

271 3677 476 3772 servantur
495 3708 534 3766 ct
559 3713 580 3766 a
607 3694 870 3769 concretione
897 3685 1076 3768 morbosa
1104 3691 1279 3786 libcrae;
1308 3711 1512 3790 praeterea
1532 3695 1650 3772 etiam
1672 3695 1807 3795 pleura

267 3831 516 3929 visceribus,
547 3829 660 3912 vitali
683 3826 885 3909 functioni
916 3827 1123 3912 destinatis
1153 3817 1194 3910 ec
1218 3832 1264 3910 in
1287 3829 1447 3910 thorace
1481 3832 1712 3934 contentis,
1744 3839 1804 3915 uti

269 3975 532 4076 peritoneurn·
562 3972 745 4052 omnibus
773 3971 997 4054 visceribus
1029 3969 1379 4069 abdominalibus,
1407 3969 1513 4050 adeo·
1533 3989 1641 4052 arcte
1668 3971 1807 4078 juncta

268 4133 355 4213 est,
387 4130 431 4193 ut
462 4133 603 4192 eorurn
632 4115 828 4194 extimum
851 4113 1102 4196 involucrum
1134 4134 1206 4219 pcr
1229 4107 1460 4192 cellulosanr
1487 4137 1580 4194 cunr
1603 4112 1808 4220 subjacen-

269 4256 374 4337 tibus
403 4249 622 4336 substantiis
643 4251 835 4358 juncttrm
867 4251 1137 4354 constituant3
1176 4253 1273 4335 hacc
1307 4275 1408 4333 vcro
1438 4254 1656 4357 plamatcr
1686 4255 1810 4362 ipsam

269 4417 431 4494 quoque
462 4389 690 4476 substantiae
731 4397 886 4478 cerebri
918 4394 1109 4479 fabricam·
1147 4399 1279 4477 multo.
1303 4397 1472 4478 interius
1505 4400 1650 4496 intrat,
1687 4421 1806 4502 quarn

241 4535 323 4650 JV.
348 4535 399 4614 G.
430 4537 689 4640 peritorrcunr·
716 4539 892 4643 hepatis,
925 4541 1043 4620 lienis
1066 4555 1132 4620 aut
1163 4559 1302 4620 renum
1330 4531 1411 4637 (¹),
1442 4535 1624 4642 adeoque
1657 4561 1808 4626 nornen

308 4737 370 4816 (r)v
389 4737 483 4815 lde),
501 4735 682 4803 observante
701 4739 880 4806 doctissimo
896 4741 984 4826 J.L.
999 4741 1042 4808 C.
1066 4741 1313 4808 schroeder
1336 4755 1415 4804 van
1437 4737 1504 4804 der
1528 4741 1659 4829 Korn,
1681 4749 1806 4830 pleurre

268 4850 574 4936 amalsuindam
597 4861 700 4922 locum
723 4857 839 4942 habu,
862 4859 992 4944 integris
1026 4857 1226 4925 manentibus
1251 4855 1403 4924 miraculis
1434 4857 1814 4944 intercostalibusflrcri«
