4764 6328
590 383 677 466 8-
840 389 1152 478 leonum
1209 387 1882 482 Auaronicanuu

586 599 767 712 scilicet,
817 607 848 694 fi
881 607 998 698 usum
1036 608 1219 720 spectas,
1258 631 1382 716 quem
1410 628 1608 717 praestat3
1650 615 1810 700 exhalat
1848 617 2038 702 nimbum
2071 617 2120 700 li·

587 767 787 854 quorem,
816 751 877 834 uti
909 751 1009 834 aliae
1048 753 1304 836 membranae
1337 749 1509 857 serosae‚
1540 752 1771 840 arteriosum
1809 762 1881 841 vel
1913 754 2119 860 serosum,

584 885 837 994 superficiem
876 895 1104 998 internam,
1135 915 1237 998 quae
1271 889 1573 978 arachnoideam
1608 890 1791 1000 spectat,
1819 897 2116 996 lubricantem,

581 1028 613 1110 fi
650 1051 749 1114 vero
779 1025 972 1116 fabricam
1012 1037 1176 1118 interius
1208 1037 1430 1138 irrtuemur,
1469 1033 1614 1118 fibrosa
1645 1035 1783 1142 posset
1807 1038 2028 1144 appellari3
2056 1035 2120 1122 fir·

458 1179 463 1192 '
582 1173 720 1256 mioris
762 1175 872 1256 enim
906 1191 970 1256 est
1006 1169 1204 1276 fabricae,
1233 1197 1352 1280 quam
1385 1179 1545 1282 plenta,
1574 1194 1643 1258 aut
1682 1179 1965 1282 peritoneum,
2006 1194 2049 1258 et
2085 1175 2116 1260 fi

584 1314 707 1395 oculo
745 1332 893 1397 armato
920 1315 1165 1398 examinatur
1199 1316 1443 1420 accuratius,
1471 1311 1591 1398 fibrae
1633 1313 1875 1423 conspicuae
1903 1321 1947 1400 in
1978 1337 2024 1398 ea
2048 1338 2115 1399 oc-

581 1473 773 1560 currunt,
805 1455 935 1538 ubivis
971 1456 1160 1561 parallelo
1198 1455 1325 1540 ductu
1349 1455 1422 1540 fibi
1452 1453 1699 1562 adjacentem
1732 1459 1778 1538 in
1816 1452 1981 1540 diversis
2013 1481 2113 1540 vero

583 1595 740 1678 cerebri
777 1597 954 1702 partibus
993 1593 1190 1681 diversam
1221 1596 1373 1680 habent
1414 1596 1707 1701 directionem,
1749 1603 1811 1682 uti
1847 1621 1912 1680 eas
1952 1602 2113 1706 egregie

581 1735 799 1820 delineavit
831 1738 897 1822 Cl.
927 1738 1074 1844 Vicq
1113 1737 1319 1844 d'Azyr.

634 1874 797 1982 Tertia,
828 1901 927 1982 quae
954 1883 998 1964 in
1019 1882 1092 1962 hac
1119 1882 1252 1964 tabula
1277 1878 1516 1966 monstratur
1534 1889 1656 1985 icon‘,
1684 1881 1789 1966 facta
1813 1903 1876 1967 est
1898 1882 1945 1966 ad
1958 1889 2110 1990 portio-

579 2041 674 2102 nem
686 2021 939 2104 membranae
961 2024 1123 2128 pleurae
1144 2021 1308 2107 infantis
1328 2027 1507 2130 quinque
1529 2047 1755 2126 annorum,
1786 2047 1905 2128 quarn
1927 2043 2021 2129 post
2047 2022 2109 2105 se-

581 2160 802 2242 licissrmam
828 2159 1009 2244 vasorum
1035 2166 1146 2247 rubra
1171 2167 1333 2248 materia
1354 2167 1636 2270 impletionem
1664 2164 1842 2272 separavi
1868 2189 1891 2246 a
1920 2169 2047 2248 costis
2073 2183 2114 2246 et

577 2305 765 2387 musculis
798 2305 1130 2390 intercostalibus.
1199 2308 1247 2389 ln
1284 2303 1386 2388 statu
1423 2307 1588 2388 naturali
1626 2307 1734 2388 haec·
1760 2307 1989 2389 membrana
2023 2305 2110 2388 sere

577 2443 687 2524 nulla
731 2449 888 2528 vascula
931 2443 1151 2552 sanguisera
1191 2448 1338 2531 habere
1378 2447 1567 2545 videtur,
1616 2449 1716 2530 haec
1753 2470 1852 2532 vcro
1893 2445 2108 2552 conspicua

578 2580 700 2684 fiunt,
729 2584 759 2666 fi
786 2587 1043 2670 inflammatio
1075 2594 1118 2672 in
1151 2591 1226 2672 hac
1255 2607 1369 2694 parte
1399 2591 1600 2686 nascitur3
1630 2592 1673 2670 in
1706 2586 1787 2667 hoc
1825 2603 1959 2670 autem
1995 2586 2108 2668 cada-

576 2745 676 2806 vere
711 2727 819 2808 nulla
842 2725 1166 2812 inflammationis
1194 2749 1289 2813 nota
1314 2727 1475 2832 aderat,
1517 2726 1700 2833 adeoque
1738 2727 1989 2810 subtilissrma
2027 2752 2107 2812 ma-

578 2871 697 2950 teries
720 2890 795 2972 per
816 2863 1029 2952 artificium
1059 2869 1322 2975 injectionis,
1353 2875 1396 2955 in
1423 2873 1498 2954 hac
1524 2869 1754 2950 membrana
1782 2865 2000 2973 conspicua
2021 2867 2108 2950 red-

577 3005 681 3088 didit
699 3012 877 3110 vascula,
905 3032 1006 3113 quae
1036 3007 1269 3116 sanguiseris
1294 3011 1460 3117 quidem
1482 3013 1673 3093 continua
1697 3006 1815 3110 sunt,
1845 3007 1980 3090 sedin
2006 3011 2103 3090 vivo

577 3171 748 3254 corpore
770 3154 968 3256 liquorem
992 3173 1137 3234 cruore
1163 3157 1389 3236 tenuiorem
1409 3153 1593 3254 vehunt,
1623 3151 1706 3232 five
1733 3151 1847 3234 illum
1875 3147 2004 3230 semm
2025 3148 2104 3229 save

579 3313 710 3373 rorem
746 3287 980 3374 arteriosum
1016 3294 1281 3398 appellamus,
1324 3295 1393 3396 qui
1431 3290 1481 3372 ad
1506 3289 1816 3373 *humectandam
1852 3291 2103 3372 membranae

574 3427 829 3538 superficiem
851 3449 937 3512 eta
962 3431 1203 3514 cohaesrone
1238 3432 1560 3536 praeternaturnli
1590 3454 1680 3510 curn
1707 3427 1984 3534 adjacentibus
2020 3453 2105 3534 par·
2146 3417 2150 3424 ’

574 3573 678 3654 tibus
700 3569 930 3655 servandam
945 3633 959 3676 ,
976 3570 1174 3655 inserviat.
1207 3574 1422 3678 Singularis
1444 3574 1510 3652 hic
1532 3576 1652 3654 etiarn
1672 3569 1903 3652 observatur
1919 3567 2106 3653 distribu-

570 3718 691 3796 tionis
713 3716 951 3798 ramulomm
973 3719 1099 3812 ratio,
1127 3715 1285 3799 diversa
1307 3716 1356 3797 ab
1373 3737 1442 3819 ca,
1466 3735 1569 3817 quae
1597 3713 1640 3792 in
1661 3713 1906 3816 perieranio,
1926 3730 1993 3792 aut
2009 3709 2105 3793 dura

572 3875 719 3956 rnatre,
749 3859 887 3937 locum
906 3855 1054 3936 habere
1074 3851 1199 3958 solet,
1230 3879 1431 3961 quamque
1453 3857 1591 3940 sream
1614 3855 1815 3958 inprimis
1838 3851 1991 3935 duabus
2019 3857 2103 3934 ico-

573 3999 691 4078 nibus
714 3997 1115 4096 contemplamur,ab
1140 3996 1213 4076 hac
1234 4019 1396 4100 quoque
1418 3995 1634 4076 admodum
1658 3989 1856 4078 diversam
1875 3987 1962 4072 esse
1977 4009 2103 4096 patet.

630 4135 783 4242 Quarta
809 4130 934 4236 figura
955 4138 1187 4236 portionem
1215 4133 1488 4240 repraesentat
1512 4137 1715 4240 peritonci
1742 4131 1908 4216 infantis
1930 4151 2101 4237 quatuor

573 4297 790 4376 annonam,
818 4271 963 4356 eodem
989 4273 1113 4358 modo
1140 4297 1258 4382 atque
1288 4273 1576 4384 praecedentes
1609 4275 1859 4356 membranae
1893 4271 2101 4354 artificiosa
2151 4294 2160 4310 ·

572 4413 753 4496 vasorum
787 4416 1043 4498 minimorum
1084 4419 1320 4522 impletione
1352 4435 1619 4525 praeparatam
1658 4420 1739 4518 ita,
1769 4435 1815 4498 ut
1849 4413 2101 4498 subtilissrma

575 4579 714 4639 corum
730 4557 951 4640 exhalantia
965 4563 1125 4641 vascula
1145 4564 1187 4642 in
1201 4564 1416 4644 cavitatem
1430 4560 1658 4642 abdominis
1673 4555 1883 4640 immissam
1897 4557 2099 4638 materiem

572 4695 859 4784 tnrrsudnent.
917 4699 1170 4808 Quamquam
1194 4700 1368 4790 eundem
1392 4705 1433 4783 in
1456 4699 1580 4787 finem
1607 4702 1707 4788 haec
1731 4699 1957 4784 membrana
1984 4717 2098 4803 agere
