4764 6328
590 435 644 540 ss
843 431 1159 515 iconum
1230 425 1907 510 Auaronrcaauu

539 631 2137 764 'mmmmmmmmimmmmmmmmmmmmi

590 805 696 883 citur
732 798 933 904 portionis
962 795 1144 876 intestini
1170 788 1329 897 ieiuni,
1359 788 1476 894 cujus
1503 812 1631 872 venae
1663 793 1845 872 coerulei
1872 792 2022 874 coloris
2055 816 2135 876 ma·

591 945 692 1024 teria
717 937 971 1048 penitissime
989 932 1081 1018 sunt
1095 935 1283 1038 impletae
1301 989 1314 1031 ,
1346 927 1604 1035 nequidem,
1627 949 1674 1014 ut
1692 933 1759 1014 vel
1777 935 2048 1017 arteriolantm
2064 941 2135 1020 mi-

591 1071 2134 1184 mfflmmmmwmmoemmwmwmfflmm·

590 1227 665 1308 bus
694 1221 815 1306 facile
846 1243 969 1306 venas
992 1221 1315 1316 communicare,
1342 1236 1399 1296 ex
1422 1211 1503 1294 hoc
1531 1218 1818 1319 experimento
1852 1217 1971 1300 etiam
2002 1237 2135 1324 patet;

592 1369 723 1452 omnis
765 1369 876 1449 enim
908 1359 1123 1446 substantia
1152 1355 1272 1462 hujus
1307 1355 1509 1462 portionis
1546 1358 1728 1440 intestini
1767 1360 1948 1440 coerulei
1989 1363 2137 1446 coloris

592 1511 753 1626 materia
785 1509 915 1590 tincta
950 1521 1041 1608 est,
1084 1518 1128 1584 et
1163 1503 1206 1581 in
1231 1497 1444 1584 valvulosrs
1470 1496 1576 1608 jugis
1611 1499 1827 1607 praecipue
1869 1523 1954 1583 non
1985 1521 2138 1588 tautum

590 1657 712 1736 villos
747 1673 889 1736 omnen
926 1646 1170 1754 occupavit,
1212 1665 1354 1736 verum
1403 1645 1525 1732 etiam
1564 1643 1671 1732 viam
1709 1637 1782 1730 sibi
1817 1645 1975 1734 invenit
2009 1663 2054 1764 et
2089 1643 2139 1729 ad

569 1780 2137 1893 mmmmmmmmmwfflmmmmmwuu

590 1937 745 2044 patebit
774 1937 816 2015 in
852 1930 1127 2014 delineatione
1159 1934 1321 2022 maiore
1354 1931 1529 2018 extimae
1564 1925 1686 2034 ipsius
1708 1922 1825 2032 hujus
1849 1930 2048 2034 portionis
2078 1935 2136 2016 in·

589 2081 732 2162 testiui
766 2074 926 2182 jejuni,
969 2096 1074 2178 quae
1110 2051 1296 2179 proxima
1331 2071 1466 2154 tabula
1508 2069 1780 2154 exhibebitur.
1855 2069 1995 2176 Itaque
2031 2078 2136 2159 nulla

590 2217 794 2305 diversrtas
832 2215 900 2297 hic
949 2218 1084 2298 locum
1121 2212 1243 2297 habet
1284 2210 1333 2292 ab
1377 2210 1572 2295 intestino
1610 2205 1826 2311 duodeno,
1875 2211 1949 2295 nist
1989 2218 2137 2300 ratione

591 2363 706 2470 spatii
747 2359 923 2462 interni,
954 2353 1062 2462 quod
1091 2356 1136 2438 in
1169 2351 1362 2444 duodeno
1398 2357 1568 2462 amplius
1606 2373 1695 2458 est,
1727 2371 1770 2440 et
1804 2357 1973 2474 emplius
2005 2364 2135 2466 requi-

596 2507 779 2612 rebatur,
823 2501 1014 2604 quoniam
1045 2501 1086 2580 in
1113 2518 1166 2580 eo
1191 2501 1313 2582 altera
1347 2495 1518 2603 digestio
1555 2497 1694 2602 chymi
1725 2495 1945 2603 spissroris‚
1981 2498 2134 2584 affusro-

590 2669 642 2730 ne
678 2640 847 2749 liquoris
880 2641 1051 2722 enterici
1078 2658 1119 2720 et
1150 2642 1394 2746 pancreatici
1421 2656 1542 2745 atque
1565 2641 1684 2743 bilis,
1711 2641 1850 2723 locum
1888 2641 2061 2747 habere,
2089 2663 2129 2728 et

589 2789 762 2891 thymus
821 2779 981 2887 spissior
1035 2783 1079 2863 in
1128 2782 1298 2889 chylum
1344 2780 1579 2870 fluidiorem
1622 2783 1808 2866 conuerti
1856 2779 2013 2886 debet,
2069 2789 2133 2891 qui

591 2922 2134 3035 mwfflfflmmmstmwmmnjssmmmuwmm

591 3067 661 3152 lud
689 3067 878 3152 transiens
914 3065 1215 3171 quodammodo
1248 3071 1493 3160 retineatur.
1527 3071 1598 3154 vel
1626 3066 1765 3151 saltem
1798 3070 1950 3152 sentius
1975 3091 2134 3177 promo·

592 3227 758 3310 veatur,
788 3231 870 3314 quo
904 3205 975 3314 fit,
1005 3227 1051 3292 ut
1081 3207 1264 3294 vasorum
1298 3209 1600 3298 absorbentium
1634 3212 1801 3316 oscula,
1830 3213 2037 3296 materiam
2067 3215 2134 3298 ali·

593 3355 719 3436 bilem
743 3351 943 3434 attrahere
963 3370 1007 3433 et
1028 3351 1126 3434 haec
1147 3357 1316 3440 ulterius
1338 3376 1409 3459 per
1434 3351 1527 3438 vasa
1548 3355 1679 3437 lactea
1699 3349 1750 3436 ad
1776 3351 2006 3438 mesenterii
2032 3355 2134 3460 glau-

595 3489 1084 3606 mmdfflmpmm.
1360 3480 1364 3488 ’

651 3624 763 3722 Haec
807 3653 940 3718 autem
981 3635 1136 3758 interna
1170 3640 1352 3722 intestini
1393 3634 1625 3745 superficies
1668 3635 1822 3744 semper
1861 3631 2018 3720 madida
2056 3655 2135 3720 uon

569 3767 749 3864 'tantum
786 3795 850 3860 est
883 3777 1043 3882 liquore
1072 3779 1329 3881 arteriarum,
1373 3801 1424 3862 ex
1455 3777 1601 3865 finibus
1633 3782 1717 3866 srve
1755 3780 1906 3863 osculis
1943 3784 2135 3865 continuo

593 3921 745 4026 affuso,
795 3943 938 4012 verum
977 3925 1100 4008 etiam
1133 3919 1314 4032 spissiore
1349 3919 1519 4028 quadam
1556 3925 1747 4028 materia,
1794 3921 1901 4032 quast
1933 3923 2134 4038 paululum

592 4061 755 4156 mattosa
785 4057 964 4163 obsessa,
996 4060 1112 4162 eujus
1139 4060 1326 4152 morosae
1356 4070 1544 4154 materiae
1578 4067 1776 4172 originem
1808 4083 1852 4152 et
1876 4061 2134 4172 praesentiam

593 4205 803 4308 hucusque
844 4199 931 4286 fere
981 4223 1123 4290 omnes
1149 4203 1378 4318 physiologi
1410 4211 1564 4323 ingenti
1598 4203 1871 4321 glandularum
1897 4205 2035 4296 ubivis
2066 4227 2134 4314 pet

597 4343 883 4438 intestinorum
910 4361 1081 4434 tractum
1108 4341 1371 4454 dispersarum
1391 4357 1559 4462 copiae,
1587 4348 1869 4464 praeeuntibus
1892 4345 2134 4438 Brutine-

595 4511 677 4590 ro,
708 4483 930 4596 Peyero
953 4503 994 4574 et
1018 4487 1469 4604 Luberkhunio,
1496 4495 1745 4592 tribuentem
1772 4490 1978 4580 intratum
2001 4503 2133 4576 autern

596 4625 867 4736 glandularum
906 4625 1169 4746 praesentiam
1205 4651 1248 4724 et
1281 4653 1461 4730 nattum
1494 4659 1620 4744 quum
1660 4633 1809 4723 diuet
1848 4632 1969 4722 variis
2006 4627 2138 4722 modia

597 4773 891 4883 innumeram,
915 4774 989 4865 hae
1021 4797 1108 4862 non
1133 4777 1234 4870 mihi
1267 4783 1368 4872 tales
1402 4793 1698 4898 apparuerunt,
1732 4793 1777 4864 ut
1816 4797 1884 4866 eat
1912 4791 1997 4864 tarn
2021 4787 2137 4864 certo
