4764 6328
543 451 1052 542 Fascianus
1107 413 1544 552 sacoaras.
1770 502 1824 586 4³

734 961 1381 1052 TABULAX.

440 1371 871 1466 uruuocuuau
913 1379 1208 1468 uuenuru
1248 1387 1662 1480 artemonem.
1786 1499 1789 1506 ,

334 1750 487 1902 Ante
512 1811 675 1917 triginta
697 1827 824 1894 annos
848 1805 957 1894 edidi
983 1811 1146 1892 iconem
1172 1809 1331 1920 hepatis
1361 1809 1500 1897 foetus
1534 1811 1715 1900 nondum
1738 1842 1820 1900 ma·

205 2057 207 2064 ¹
278 1952 384 2052 turi,
425 1951 469 2034 in
502 1955 580 2058 qu'a
617 1949 948 2058 conspiciendam
984 1953 1148 2058 praebui
1187 1950 1514 2038 distributionem
1545 1958 1817 2044 arteriolarum

275 2089 387 2172 illius
418 2095 515 2175 rami
545 2093 711 2173 arteriae
742 2093 977 2198 hepaticae,
1008 2115 1136 2198 quae,
1164 2115 1258 2176 cum
1284 2097 1399 2177 ramis
1426 2096 1591 2180 arteriae
1613 2095 1818 2202 diaphrag-

275 2233 445 2315 maticae
485 2230 689 2318 inferioris
725 2237 1052 2337 communicans,
1081 2257 1167 2318 non
1194 2233 1244 2316 ad
1268 2240 1466 2318 intentam
1498 2235 1618 2344 hujus
1650 2237 1819 2320 visceris

272 2369 525 2458 substantiam
562 2376 723 2477 transit,
765 2370 836 2456 sed
868 2373 953 2457 sese
990 2379 1219 2483 praecipue
1244 2399 1317 2484 per
1358 2379 1445 2460 illas
1484 2382 1685 2484 peritonei
1724 2401 1814 2484 pro-

273 2513 513 2622 ductiones,
543 2539 644 2623 quae
677 2515 852 2600 formant
884 2517 1101 2623 ligamenta
1129 2517 1284 2621 hepatis
1312 2514 1495 2620 diversa,
1531 2534 1575 2598 et
1596 2537 1645 2598 ex
1671 2518 1733 2600 lais
1768 2519 1816 2601 ad

272 2669 436 2740 omnem
467 2658 551 2764 ejus
589 2655 841 2764 superficiem
873 2661 929 2738 ita
959 2655 1259 2762 producuntur,
1300 2675 1349 2741 ut
1385 2659 1508 2740 totius
1543 2661 1711 2742 visceris
1744 2683 1814 2742 ex·
1913 2647 1918 2650 ’

263 2815 419 2880 ternam
438 2800 707 2883 membranam
733 2795 989 2882 constituant.
1018 2797 1164 2882 Postea
1186 2813 1285 2880 uero
1306 2801 1427 2901 mihi,
1454 2798 1706 2906 indiligenti
1732 2799 1810 2884 stu-

266 2935 335 3018 dio
364 2943 586 3022 anatomiae
615 2936 832 3024 subtilioris
866 2943 1075 3047 pergenti,
1105 2962 1267 3044 quoque
1306 2945 1477 3050 contigit
1511 2943 1702 3045 reliquam
1735 2943 1810 3024 hu-

260 3080 328 3183 J'us
355 3083 519 3166 visceris
554 3079 808 3164 substantiam
839 3086 1063 3164 accuratius
1100 3079 1306 3188 detegere,
1343 3086 1487 3186 inquo
1516 3083 1710 3166 exercitio
1737 3085 1811 3163 tria

265 3217 510 3324 specimina,
551 3245 652 3327 quae
684 3241 845 3331 praeter
871 3240 1132 3306 memoratam
1159 3227 1321 3306 iconem
1352 3241 1541 3306 externae
1580 3221 1808 3330 superficiei

261 3362 419 3466 hepatis
448 3367 492 3446 in
517 3365 592 3445 bac
624 3367 757 3448 tabula
782 3363 1053 3465 exhibentur,
1083 3387 1169 3448 non
1197 3361 1354 3468 prorsus
1392 3339 1724 3470 physiologorum
1749 3383 1808 3444 at·

262 3506 450 3585 tentione
478 3501 641 3610 indigna
668 3505 770 3588 mihi
795 3503 879 3590 visa
905 3502 1010 3589 sunt.

323 3643 519 3754 Quinque
557 3648 697 3730 icones
738 3649 856 3754 igitur
888 3653 932 3732 in
960 3645 1034 3728 hac
1070 3645 1201 3728 tabula
1238 3643 1444 3752 expressae
1478 3642 1590 3742 stant,
1622 3639 1684 3724 ex
1711 3667 1805 3746 qua·

261 3807 351 3866 rum
385 3769 726 3892 contemplatione
754 3805 797 3869 et
821 3787 1021 3870 concinna
1043 3784 1314 3893 descriptione
1343 3784 1494 3870 fabrica
1522 3787 1677 3890 hepatis
1701 3787 1803 3891 phy·

260 3927 464 4034 siologiam
492 3928 740 4014 discentibus
775 3929 865 4012 satis
896 3932 1000 4012 clare
1029 3930 1183 4034 poterit
1207 3925 1319 4008 tradi.

279 4081 283 4088 ’
315 4067 550 4174 Superiores
570 4068 672 4154 duae
697 4073 887 4154 nimirum
913 4069 1082 4156 formam
1096 4089 1297 4152 externam
1322 4069 1480 4173 hepatis
1495 4070 1548 4150 ob
1568 4072 1711 4152 oculos
1725 4095 1798 4176 po-

256 4227 358 4292 nunt
379 4229 498 4317 atque
516 4213 785 4297 diversitatem
804 4211 1044 4318 monstrant,
1069 4237 1169 4316 quae
1192 4217 1236 4294 in
1259 4209 1467 4317 superficie
1484 4229 1648 4315 utraque
1662 4213 1799 4294 locum
1891 4317 1896 4324 .

259 4349 394 4433 habet.
427 4353 475 4435 ln
492 4375 674 4436 convexa
694 4353 944 4460 conspicitur
956 4355 1100 4442 divisio
1113 4359 1155 4438 in
1168 4355 1308 4440 lobum
1331 4351 1515 4437 dextrum
1539 4352 1732 4458 majorem
1755 4373 1798 4434 et

258 4493 458 4577 sinistrum
492 4496 712 4597 minorem,
750 4501 862 4581 inter·
883 4520 985 4604 quos
1008 4500 1126 4582 lobos
1152 4520 1226 4602 per
1257 4514 1420 4578 omnem
1441 4491 1557 4596 huius
1590 4490 1797 4578 divisionis

253 4651 425 4716 tractum
441 4651 624 4718 notatum
645 4655 707 4719 est
721 4640 982 4742 ligamentum
999 4619 1152 4743 latum,
1180 4659 1261 4741 quo
1282 4636 1472 4718 anteriori
1494 4633 1792 4738 hypochondrii

248 4777 352 4878 parti
366 4787 440 4884 pe'r
453 4773 656 4886 duplicem
672 4785 875 4886 peritonei
890 4787 1149 4892 propaginem
1165 4781 1244 4868 hoc
1260 4775 1407 4884 insigne
1421 4771 1644 4900 abdominis
1660 4789 1792 4878 etgra-

1030 4915 1034 4922 “
1477 4919 1523 5020 6,
1556 4939 1579 4996 e
