4764 6328
482 490 1508 622 inepte-utussscuutius.-
1706 539 1759 618 -31

215 732 373 830 tinga,
402 733 513 830 petre
540 735 708 824 sepem
730 719 925 822 asterites
951 719 1090 810 saeua
1114 739 1246 826 sorra,
1276 724 1523 824 innominata
1557 727 1695 825 desta
1722 755 1762 818 et

219 863 422 954 subclavis
460 860 640 964 stuata,
681 879 785 966 quae
823 877 956 966 Μῦς
987 859 1054 954 hic
1092 858 1265 958 servatae
1294 865 1410 984 stunt,
1441 889 1486 964 ut
1517 897 1762 978 uetuerunt,

216 1004 435 1112 oesophagi
459 999 665 1098 fusciani
692 1002 1008 1104 destinatorum,
1045 999 1233 1102 decursus
1259 1009 1308 1094 ad
1340 1033 1434 1108 eunt
1456 1007 1649 1120 ‘conspici
1670 1041 1764 1122 pos·

215 1147 292 1250 stt,
328 1149 387 1238 uti
415 1150 460 1234 iil
486 1147 558 1238 hu:
589 1141 715 1254 figure
744 1149 876 1260 primo
908 1145 1030 1230 etiam
1065 1146 1215 1238 intuitu
1236 1149 1309 1236 hae
1337 1151 1651 1272 conspiciuntur.

273 1291 492 1400 staphense
510 1285 734 1384 'rumonim
753 1289 888 1376 octavi
910 1288 1037 1395 pasis,
1066 1291 1136 1400 qui
1166 1287 1279 1396 juxta
1301 1293 1369 1382 has
1405 1312 1538 1398 partes
1556 1295 1761 1390 descendit

210 1450 254 1514 et
272 1430 362 1520 sitos
390 1455 520 1524 ramos
543 1431 618 1539 ipss
651 1431 796 1514 canalis
821 1424 1054 1524 substantiae
1074 1429 1212 1536 trudit,
1241 1437 1285 1519 in
1300 1436 1374 1521 hac
1390 1438 1511 1525 icone
1531 1437 1761 1532 adoculurn

213 1594 349 1684 patet3
404 1595 448 1662 et
488 1573 656 1696 quidem
689 1579 733 1658 in
772 1570 977 1676 superiore
1009 1591 1119 1681 parte
1153 1577 1331 1668 cernitur
1370 1601 1525 1679 mmsis,
1552 1585 1596 1667 in
1637 1580 1760 1688 ipsam

210 1717 435 1828 oesophagi
458 1713 708 1808 substantiam
733 1731 968 1823 penetrans,
998 1739 1092 1809 cum
1123 1739 1204 1823 quo
1235 1740 1334 1802 vero
1354 1717 1517 1824 junctus
1547 1741 1609 1805 est
1631 1727 1758 1828 alter,¹

209 1865 283 1966 qui
316 1863 494 1947 flectitur
531 1857 637 1944 infra
666 1881 802 1942 arcum
833 1871 968 1938 aortae
1003 1875 1045 1938 et
1075 1853 1318 1942 adscendens
1351 1858 1502 1948 sursum
1536 1863 1756 1970 ingreditur

218 2009 261 2086 in
296 2007 523 2112 laryngem3
553 2000 602 2084 ad
626 1997 856 2086 inferiorern
889 2021 989 2082 vero
1014 2015 1167 2106 partem
1194 2003 1338 2108 plexus
1366 2025 1531 2110 magnus
1557 2023 1644 2106 est,
1687 2011 1756 2110 qui

211 2152 362 2232 multos
398 2166 528 2232 ramos
565 2147 716 2228 emittit
737 2141 788 2227 ad
815 2145 971 2226 tunicas
1006 2139 1223 2249 oesophagi
1248 2164 1413 2246 omnes,
1442 2163 1651 2249 postquam
1673 2153 1753 2252 pri-

205 2310 277 2370 ano
302 2290 346 2371 in
370 2289 582 2372 masculari
605 2284 771 2393 dispersi
795 2280 961 2368 fuerint.
1308 2375 1311 2382 ,

268 2433 449 2516 Maxima
487 2445 586 2536 ergo
622 2430 689 2514 hic
730 2427 977 2534 conspicitur
1011 2449 1226 2512 nervorum
1267 2427 1385 2531 copia
1422 2431 1573 2511 ratione
1608 2435 1753 2536 partis,

200 2577 275 2657 cui
303 2569 535 2680 prospicere
564 2568 737 2668 debent3
756 2568 870 2653 unde
887 2569 1090 2675 sequitur,

213 2709 267 2797 1⁰.
298 2711 498 2798 Tunicam
530 2716 792 2798 muscularem
826 2711 977 2796 summa
1020 2713 1312 2815 irritabilitate,
1358 2731 1594 2820 ceterasque
1628 2721 1752 2799 maxi·

292 2877 356 2936 ma
386 2851 626 2958 sensilitate,
670 2851 870 2962 praeditas
920 2851 1033 2958 esse,
1086 2857 1142 2948 ita
1181 2858 1330 2940 utilia
1365 2853 1559 2939 facillime
1601 2858 1649 2939 ab
1684 2882 1752 2963 ap-

288 3000 438 3104 plicato
486 2992 649 3082 stimulo
704 3019 964 3103 quocumque
1010 2995 1052 3078 se
1099 2998 1314 3081 contrahat
1367 3017 1485 3102 atque
1535 2991 1713 3080 stimulos
1733 3060 1754 3102 ,.

287 3141 425 3224 nervis
463 3140 713 3246 applicatos,
768 3143 812 3222 in
857 3143 1003 3234 ceteris
1052 3139 1235 3225 vasorum
1282 3141 1487 3225 actionem
1542 3144 1745 3244 excitare,

290 3303 511 3387 eorumque
542 3285 703 3366 actione
736 3282 929 3387 incitata,
971 3278 1092 3367 facile
1130 3283 1483 3366 inflammationem
1520 3278 1744 3390 producere

283 3398 518 3528 posses-f

232 3582 261 3646 ·.
291 3566 357 3650 Ex
392 3569 598 3650 communi
638 3568 780 3650 horum
830 3587 1049 3650 nervorum
1095 3557 1257 3650 vincttlo
1305 3590 1398 3649 cum
1446 3563 1742 3673 sympathetico

286 3730 432 3814 magno
469 3711 707 3816 intelligitur
748 3712 869 3791 etiam
902 3711 1029 3809 ratio,
1073 3733 1145 3792 cur
1193 3713 1373 3812 quamvis
1402 3707 1476 3814 ipss
1508 3705 1742 3813 oesophago

287 3853 418 3934 nullus
448 3846 626 3934 stimulus
664 3852 911 3958 applicetur,
955 3849 1177 3958 saepissime
1218 3867 1354 3932 tamen
1384 3870 1457 3952 per
1502 3843 1740 3930 consensum

282 4011 380 4076 cum
412 3987 557 4078 dissitis
586 3993 794 4100 partibus,
835 4016 937 4097 quae
979 3999 1212 4100 patiuntur,
1253 3993 1307 4073 ita
1342 3989 1508 4074 afficitur
1547 3990 1738 4096 oesopha-

284 4159 383 4240 gus,
429 4153 477 4219 ut
514 4133 824 4222 constrictioaes
861 4136 1161 4220 molestissimas
1196 4129 1357 4234 subeat,
1400 4133 1459 4214 uti
1485 4127 1738 4214 observamus

280 4277 326 4357 in
359 4277 480 4379 tussa,
518 4282 562 4361 in
586 4277 738 4362 morbis
765 4281 984 4363 ventriculi
1016 4295 1058 4361 et
1091 4279 1400 4376 intestinorum,
1439 4275 1482 4356 in
1521 4269 1737 4356 affectione

279 4417 467 4502 morbosa
496 4424 670 4527 partium
706 4422 940 4528 genitalium
969 4425 1185 4528 praecipue
1218 4422 1262 4504 iu
1290 4414 1388 4502 stau
1412 4412 1623 4519 sequiore3
1653 4417 1737 4496 imo

278 4559 435 4644 etiamsi
471 4563 612 4645 nullus
642 4559 821 4648 stimulus
861 4587 937 4672 per
975 4565 1185 4648 materiem
1225 4560 1453 4668 detegitur,
1500 4559 1607 4639 nulla
1643 4581 1735 4661 pars

279 4707 465 4812 corporis
493 4724 581 4808 est‚·
611 4729 714 4812 quae
746 4710 795 4791 ab
829 4711 952 4792 animi
984 4703 1283 4814 pathematibua
1314 4718 1527 4807 tantopere
1559 4700 1643 4803 pati
1675 4695 1737 4778 so-

274 4849 362 4950 let,
389 4849 453 4932 uti
476 4844 712 4956 qttotidiana
738 4849 969 4938 obseruatio
994 4848 1119 4934 docet
1144 4842 1470 4934 luculentissime.
