4764 6328
485 445 493 451 ’
584 467 635 538 22
833 440 1152 528 leonori
1206 440 1874 532 Autroutcanuu

1023 934 1693 1026 TABULAVI.

601 1304 757 1394 ΙἿΑΕ
798 1297 1234 1391 anonymam
1273 1301 1371 1385 ΕΤ
1409 1300 1736 1390 ollonnam!
1772 1305 2112 1397 unknown.

1023 1639 1531 1726 FIGURA.
1620 1645 1651 1725 Ι.

630 2022 941 2169 Nitidissrma's
977 2074 1006 2155 st
1039 2069 1155 2173 hujus
1192 2067 1345 2148 tabulae
1386 2071 1524 2148 icones
1567 2074 1797 2174 intuemur,
1852 2073 2110 2174 videbimus,

577 2223 700 2302 statem
732 2221 774 2299 in
806 2210 1076 2322 praeparando
1124 2208 1375 2314 specimine,
1418 2213 1541 2315 prima
1570 2209 1689 2316 figura
1729 2210 1960 2316 delineato,
2015 2214 2112 2298 suis-

577 2363 644 2460 se,
688 2363 878 2454 osvius,
928 2378 1023 2458 quas
1061 2357 1258 2454 lacrymae
1289 2373 1551 2454 percurrunt,
1594 2374 1806 2458 postquam
1843 2359 1965 2462 globo
2004 2364 2112 2443 oculi

575 2497 846 2584 humectando
868 2497 1036 2602 ejusque
1062 2499 1183 2577 nitori
1212 2490 1486 2574 conservando
1516 2492 1796 2596 inservierint,
1820 2501 1921 2579 clare
1952 2505 1993 2582 in
2020 2525 2113 2580 con-

455 2743 459 2752 ,
574 2642 759 2746 spectum
794 2637 1001 2719 ducantur.
1055 2632 1259 2718 Videmus
1295 2637 1403 2718 enim
1450 2636 1516 2717 hic
1555 2638 1763 2742 palpebras
1791 2657 1974 2746 utrasque
2005 2647 2114 2726 oculi

577 2781 764 2882 infantis,
801 2779 852 2861 ad
887 2783 1126 2863 exteriorem
1160 2779 1345 2882 angulum
1387 2774 1569 2860 discissas
1613 2797 1657 2860 et
1703 2781 1880 2863 invicem
1916 2780 2112 2864 diductas.

574 2923 621 3002 In
655 2923 930 3029 palpebrarum
969 2921 1110 3001 harum
1140 2921 1317 3023 margine
1356 2920 1628 3025 cartilaginea,
1672 2917 1775 3002 tarso
1808 2920 1936 3024 dicta,
1970 2922 2113 3005 adhae-

572 3069 700 3146 rentia
722 3080 912 3169 apparent
937 3065 1057 3163 cilia,
1100 3083 1272 3166 quorum
1309 3059 1477 3141 directio
1507 3063 1550 3141 in
1579 3058 1787 3167 superiore
1817 3063 2003 3167 palpebra
2032 3062 2112 3144 sur-

572 3202 687 3303 sum,
716 3207 759 3285 in
787 3197 981 3302 inferiore
1011 3198 1198 3283 deorsum
1224 3206 1393 3284 incurvo
1425 3201 1549 3286 ductu
1581 3200 1687 3284 sacta
1713 3219 1799 3304 est,
1829 3221 1875 3286 ut
1896 3204 2110 3310 palpebrae

573 3347 627 3428 fic
666 3341 854 3449 perfecte
896 3340 1027 3426 claudi
1064 3343 1245 3448 possrnt3
1287 3366 1394 3447 pone
1429 3344 1574 3425 horum
1607 3345 1793 3425 ciliorum
1833 3360 1993 3444 ortum,
2024 3342 2113 3425 sunt

573 3488 708 3566 oscula
731 3482 1001 3590 glandularum
1028 3484 1119 3565 Me
1135 3485 1148 3563 i
1164 3485 1189 3565 b
1206 3508 1231 3565 o
1250 3488 1366 3588 mii,
1390 3503 1554 3589 propter
1575 3503 1941 3600 tenuemaetatem
1970 3489 2010 3566 in
2036 3489 2113 3566 hoc

572 3625 794 3731 specimine
824 3649 962 3730 parum
987 3623 1231 3734 conspicua;
1261 3629 1367 3708 inter
1397 3624 1574 3708 diductas
1606 3625 1814 3732 palpebras
1854 3627 1986 3706 tunica
2017 3650 2112 3706 con·

568 3767 749 3870 junctiva
771 3770 879 3849 oculi
911 3769 1084 3850 vasculis
1116 3764 1305 3848 ditissima
1333 3788 1525 3874 apparet,
1556 3791 1684 3873 quae,
1721 3767 1989 3851 sraccuratius
2024 3790 2112 3849 exa·

571 3915 763 4008 minatur,
791 3907 1057 3989 membranam
1084 3909 1274 4008 exbibet,
1302 3932 1384 3989 non
1406 3910 1641 4012 srmpliciter
1668 3905 1869 4010 fetosam,
1897 3927 2036 3988 verum
2060 3931 2112 3989 ex

573 4043 701 4126 scrosa
728 4062 770 4124 et
798 4044 960 4125 mucosa
993 4047 1099 4146 quast
1131 4049 1422 4151 composrtam,
1464 4066 1510 4129 ut
1535 4071 1587 4128 eo
1618 4053 1760 4131 melius
1786 4070 1947 4129 naturae
1983 4046 2109 4152 scopo

574 4182 819 4288 respondere
853 4181 1018 4288 posset,
1050 4183 1293 4269 secernendi
1322 4185 1478 4271 scilicet
1511 4191 1744 4289 humorem,
1768 4210 1852 4270 non
1876 4189 2112 4294 stmpliciter

574 4322 779 4424 serosum;
821 4323 887 4405 hic
924 4329 1034 4407 enim
1071 4328 1192 4407 nimis
1229 4332 1314 4410 cito
1357 4327 1549 4413 deflueret
1586 4334 1653 4412 vel
1685 4331 1728 4411 in
1766 4351 1875 4411 auras
1910 4333 2108 4430 avolaret,

572 4463 645 4547 sed
682 4465 795 4548 simul
839 4464 1002 4549 mucoso
1046 4469 1240 4571 mixtum,
1290 4487 1335 4554 ut
1374 4471 1608 4576 perststeret
1637 4466 1879 4574 aliquamdiu
1912 4466 1960 4547 ad
1987 4468 2109 4550 lubri-

574 4611 668 4686 c‘um
693 4605 809 4710 hunc¹
833 4609 943 4690 oculi
970 4612 1158 4714 angulum
1189 4606 1450 4716 servandum,
1482 4633 1692 4716 antequam
1719 4607 1985 4706 absorbetur;
2015 4629 2110 4690 tunc

573 4769 696 4849 vero,
723 4744 905 4831 affluente
923 4750 1064 4858 majon'
1084 4755 1226 4860 copia,
1257 4755 1446 4859 angulum
1475 4756 1582 4837 hunc
1610 4756 1740 4860 petit,
1772 4756 1841 4857 qui
1863 4750 1920 4832 ibi
1941 4746 2110 4832 fundum
