4764 6328
696 496 1422 580 Pnooustrunt.
1798 523 1830 582 v

349 753 513 835 Interim
546 744 695 830 factum
722 763 810 848 est,
833 762 894 827 ut
916 758 1010 849 post
1043 719 1192 825 editam
1218 741 1716 852 meam-descriptionem,
1747 775 1831 833 non

293 971 447 1035 tanturn
479 955 523 1032 in
555 952 684 1035 Patria
718 966 852 1030 nostra
889 945 1003 1026 multi
1034 940 1124 1025 Viri
1147 944 1361 1029 Clarissimi
1386 947 1664 1052 justissimique
1699 973 1828 1033 rerum

205 1207 213 1228 .
290 1157 556 1236 aestimatores
587 1173 706 1258 atque
732 1148 984 1257 peritissrmi,
1017 1147 1301 1228 verumetiam
1332 1119 1414 1251 jam
1439 1145 1593 1253 saepius
1617 1168 1708 1258 ante
1729 1150 1829 1234 illud

291 1359 451 1459 tempus
490 1357 613 1435 exteri
657 1348 894 1433 Medicinae
933 1349 1160 1448 Doctores,
1205 1348 1447 1431 Auatomiae
1475 1369 1516 1432 et
1553 1351 1829 1458 Physrologiae

292 1555 495 1658 cultores,
523 1576 588 1635 me
613 1551 715 1635 serio
742 1547 893 1632 fuerint
914 1550 1088 1652 hortati,
1119 1570 1164 1631 ut
1181 1548 1317 1631 saltem
1342 1553 1625 1682 nonnullorum
1652 1549 1834 1657 specinri·

293 1775 390 1834 num
420 1757 560 1835 icones
591 1779 683 1837 cum
710 1752 979 1859 descriptione
1015 1755 1138 1858 paulo
1171 1754 1386 1856 prolixiore
1413 1755 1569 1857 publici
1594 1754 1691 1857 juris
1719 1751 1828 1835 sace-

292 1978 403 2056 rem3
446 1979 547 2058 quae
579 1955 743 2058 quidem
780 1955 1100 2057 adhortationes,
1143 1950 1238 2059 quid
1278 1956 1384 2035 enirn
1414 1951 1691 2052 dissrmulem?
1732 1958 1830 2038 mihi

292 2179 377 2235 non
402 2173 512 2237 erant
533 2159 735 2259 ingratae3
765 2155 832 2238 sed
854 2174 989 2238 tamen
1015 2163 1087 2241 vix
1111 2159 1209 2240 mihi
1238 2155 1536 2264 persuasissent,
1565 2177 1610 2238 ut
1633 2159 1680 2238 ab
1702 2181 1827 2264 opere

292 2377 377 2434 non
405 2354 512 2437 ‘esset
542 2355 836 2462 desrstendum,
880 2363 953 2444 nist
999 2365 1120 2444 etiam
1147 2365 1261 2444 hisce
1293 2356 1829 2462 adhortationibuspondns

293 2553 506 2638 addidisset
529 2559 652 2662 Regis
677 2566 804 2643 nostri
831 2565 1132 2666 Augustissrmi,
1149 2568 1356 2646 literarum
1381 2560 1548 2645 fautoris
1574 2564 1734 2660 eximii,
1760 2563 1831 2641 ho-

292 2756 501 2841 norificum
536 2760 766 2868 decretum,
799 2790 881 2870 quo
909 2772 1073 2872 cognita
1101 2763 1168 2848 sua
1196 2761 1470 2847 munificentia
1496 2761 1703 2844 conatibus
1731 2764 1830 2856 meis

293 2954 492 3037 benevole
524 2956 751 3045 succurrere
780 2968 853 3073 ips1
887 2970 1062 3074 placuit;
1091 2992 1166 3074 pto
1193 2993 1275 3074 quo
1299 2969 1438 3076 insigni
1465 2969 1601 3050 favore
1630 2989 1712 3048 non
1741 2987 1830 3068 pos·

292 3153 375 3236 sunt
406 3167 489 3238 non
518 3165 683 3264 publice
715 3189 867 3272 gratum
895 3176 1071 3255 animum
1099 3176 1249 3255 testari.

292 3387 295 3396 ·
351 3361 489 3462 ltaque
528 3368 660 3466 primo
702 3370 865 3472 quidem
894 3378 937 3455 in
970 3378 1146 3456 animum
1182 3372 1323 3456 induxi
1354 3376 1443 3454 talia
1477 3373 1700 3472 exhibere,
1731 3393 1830 3472 quac

297 3561 552 3644 Anatomiam
573 3565 872 3670 Pntlrologicam
898 3570 1079 3676 spectant
1105 3591 1147 3652 et
1175 3550 1415 3675 praecipuos
1439 3573 1625 3670 morbos,
1655 3575 1696 3650 in
1725 3567 1835 3646 cada-

295 3763 458 3876 veribus
498 3784 519 3838 a
554 3786 616 3840 rne
649 3765 902 3873 observatos,
956 3797 1036 3878 ope
1077 3779 1238 3855 iconum
1268 3775 1353 3854 uliis
1389 3793 1545 3872 quoque
1585 3763 1833 3868 conspicien-

295 3955 366 4038 dos
401 3956 580 4058 tradere,
610 3985 911 4049 verumtamen
945 3974 1183 4052 Anatomine
1207 3970 1426 4053 subtilioris
1458 3970 1637 4092 utilitatis
1664 3963 1712 4044 ad
1731 3965 1837 4064 Phy-

295 4158 734 4262 sologne-doctrinam
766 4169 1081 4276 amplificandam
1108 4175 1236 4278 probe
1268 4167 1475 4264 conscius,
1508 4162 1696 4246 constitui
1716 4165 1837 4243 etiam

296 4363 519 4463 periculum
542 4362 708 4482 facere,
748 4393 799 4450 an
827 4393 895 4474 ea,
926 4393 1030 4476 quae
1052 4389 1095 4453 et
1118 4371 1167 4452 de
1192 4371 1281 4454 suna
1308 4387 1349 4449 et
1376 4367 1427 4448 de
1455 4363 1636 4446 morbosa
1658 4368 1839 4470 corporis

298 4554 446 4641 fabrica
476 4561 727 4669 proferrem,
776 4569 1012 4654 Medicinae
1039 4593 1079 4654 et
1103 4575 1345 4658 Anatonriae
1372 4567 1592 4650 cultoribus
1619 4569 1836 4670 placerent.
