4778 6330
612 417 666 508 ‘20'
859 419 1176 502 lcouuu
1234 387 1996 494 Axxnouscnaou'

608 641 746 738 strata3
777 657 817 718 et
847 637 902 720 stc
931 639 970 718 in
995 632 1178 716 omnibus
1209 629 1336 711 nostri
1369 632 1548 730 corporis
1578 629 1754 735 partibus
1780 630 1880 714 adeo
1905 629 2055 715 diversa
2082 633 2142 716 fa-

607 783 714 862 brica
741 775 884 881 gaudet
907 777 985 856 tela
1014 768 1229 870 cellulosa,
1260 785 1305 850 ut
1332 768 1398 848 hic
1421 765 1533 848 fibras
1560 770 1804 875 conjungat,
1831 776 1914 856 illic
1944 777 2150 856 membra-1

607 945 677 1004 nas
709 916 944 1018 constituat,
977 918 1043 997 hic
1074 911 1162 996 vasa
1188 915 1343 1013 cingat,
1374 911 1458 991 illic
1488 915 1642 993 tunicas
1679 929 1818 992 nectat
1860 909 2026 996 diversis
2054 941 2139 996 rno-

607 1059 690 1160 clis3
720 1057 977 1164 praetereasr
1008 1083 1029 1140 a
1055 1054 1217 1134 naturali
1242 1047 1339 1132 statu
1365 1050 1540 1152 aberrat,
1571 1074 1734 1155 quoque
1763 1054 1805 1132 in
1830 1049 2007 1135 diversae
2034 1078 2146 1138 natu·

605 1223 669 1279 rae
719 1195 922 1280 morbosus
974 1194 1230 1277 conditiones
1272 1191 1380 1292 abit,
1432 1195 1490 1272 uti
1535 1187 1763 1270 steatomata
1805 1193 1958 1295 aliaque
2003 1192 2143 1276 similia

603 1341 732 1437 mala,
753 1335 821 1418 sub
845 1358 942 1420 cute
964 1338 1195 1435 hacrentia,
1225 1331 1389 1414 docent.
1432 1334 1648 1438 Singularis
1670 1349 1804 1413 autem
1827 1332 2013 1418 conditio
2038 1341 2143 1420 tuni-

598 1501 668 1558 cae
702 1479 897 1559 cellularis
938 1473 1122 1580 adiposae
1167 1477 1384 1578 praecipue
1423 1471 1473 1554 ad
1505 1475 1668 1555 oculum
1708 1471 1921 1554 cellulosae
1965 1476 2141 1577 organis-

600 1643 710 1699 mum
756 1617 1102 1698 membranaceum
1136 1612 1406 1714 demonstrat,
1449 1612 1565 1717 cujus
1600 1613 1835 1720 speciminis
1876 1618 2037 1697 iconem
2078 1613 2146 1695 ad-

605 1757 776 1842 dendam
806 1760 940 1840 curaui
974 1753 1101 1862 figura
1133 1753 1325 1858 sequenti.

1045 2180 1703 2266 FIGURAHI.

657 2619 874 2699 Delineata
907 2618 974 2698 hic
1009 2611 1256 2718 conspicitur
1285 2614 1421 2719 portio
1455 2618 1559 2696 cutis
1595 2611 1770 2719 separata
1801 2638 1823 2694 a
1863 2615 1966 2698 tibia·
1996 2620 2140 2734 mulie-

601 2759 655 2838 ris
689 2754 887 2863 sexaginta
923 2779 1146 2856 annorum,
1177 2776 1304 2855 quae,
1337 2752 1432 2835 dum
1458 2753 1647 2858 vivebat,
1673 2754 1779 2835 bene
1803 2760 1953 2836 nutrita
1980 2773 2023 2837 et
2048 2760 2138 2860 pin·

599 2899 684 2998 guis
713 2916 821 2998 erat,
852 2893 921 2976 sed
948 2894 1131 2999 hydrope
1158 2896 1337 2978 thoracis
1359 2917 1524 2979 mortua.
1555 2897 1769 3001 Singularis
1794 2896 1861 2978 hic
1885 2894 1999 2978 adest
2032 2900 2134 2979 cutis

601 3055 643 3118 ct
675 3042 890 3141 praecipue
925 3042 1086 3119 tun-icae
1114 3033 1300 3140 adiposae
1335 3054 1377 3117 et
1403 3040 1446 3118 in
1471 3061 1517 3118 ea
1543 3055 1762 3119 contentae
1799 3034 1926 3142 adipis
1953 3057 2043 3118 cum
2070 3060 2138 3119 ex·

601 3192 740 3254 ternae
781 3178 884 3255 c‘utis
931 3174 1267 3281 degeneratione;
1299 3183 1418 3266 ,cutis
1463 3184 1646 3263 nimirum
1683 3181 1861 3262 exterior
1902 3174 2136 3282 superficies

513 3371 517 3380 ·
602 3337 790 3395 corneam
826 3317 1033 3418 acquisivit
1067 3317 1248 3402 indolem
1291 3338 1411 3422 atque
1448 3339 1535 3402 tota
1572 3324 1745 3426 granulis
1779 3319 1937 3399 corneis
1979 3315 2134 3400 durissi-

600 3458 675 3536 mis
711 3472 774 3537 est
806 3475 913 3538 tecta
926 3484 945 3556 ;.
989 3459 1125 3539 tunica
1157 3482 1258 3541 vero
1291 3443 1450 3566 adiposa
1478 3463 1705 3545 crassrssrma
1748 3478 1835 3560 est,
1879 3461 1932 3540 ita
1968 3475 2013 3540 ut
2045 3459 2141 3564 plus.

601 3592 771 3679 duorum
799 3596 1018 3703 digitorum
1046 3599 1296 3683 latitudinem
1326 3602 1502 3702 habeat;
1550 3623 1650 3703 quac
1694 3622 1792 3682 vero
1826 3597 2019 3679 crassities
2050 3619 2140 3680 non

600 3731 793 3819 formatur
823 3735 904 3838 sola
936 3738 1060 3820 effusa
1095 3741 1201 3844 quast
1230 3765 1284 3824 ex
1309 3743 1408 3825 vasis
1433 3748 1476 3824 in
1499 3739 1749 3823 substantiam
1778 3736 1978 3821 mucosum
2008 3756 2051 3818 et
2076 3736 2133 3820 se·

598 3877 814 3960 mifloidam
847 3877 989 3983 adipe,
1022 3878 1092 3960 sed
1119 3885 1350 3987 congeriem
1373 3882 1539 3962 exhibet
1570 3883 1823 3982 cellularum,
1855 3901 1906 3958 ex
1939 3877 2136 3959 membra-

598 4021 661 4099 nis
693 4014 977 4118 formatarum,
1009 4023 1155 4099 intres
1185 4025 1400 4122 praecipue
1426 4019 1634 4104 distinctas
1660 4020 1780 4105 series
1807 4016 1899 4100 satis
1925 4036 2015 4123 apta
2039 4038 2131 4122 pro·

598 4161 787 4260 portione
831 4155 1132 4259 dispositarum,
1184 4181 1285 4260 quae
1320 4161 1446 4263 glebis
1478 4163 1692 4267 pinguibus
1734 4161 1824 4243 sunt
1853 4160 2058 4267 repletae,
2089 4173 2133 4236 et

601 4300 859 4379 continentur
890 4299 997 4378 inter
1036 4298 1191 4382 corium
1220 4297 1447 4384 indtuatum
1473 4324 1515 4387 et
1541 4311 1815 4412 periosteum,
1846 4298 1958 4405 quod
1986 4323 2008 4381 a
2038 4295 2140 4381 tibia

600 4433 823 4541 separatum
853 4455 926 4518 est.

604 4608 609 4620 ·
656 4575 714 4657 lta
754 4599 806 4656 ex
842 4575 921 4656 hoc
957 4579 1077 4660 etiam
1115 4579 1338 4687 specimine
1371 4605 1510 4696 patet,
1562 4591 1683 4671 telam
1714 4586 1817 4667 hanc
1859 4579 1978 4666 titulo
2019 4569 2118 4655 cell.

598 4715 697 4824 lusae
725 4743 806 4797 non
833 4715 1030 4823 indignam
1058 4720 1166 4828 esse,
1197 4723 1268 4809 sed
1287 4753 1429 4813 revera
1457 4732 1541 4815 dici
1568 4729 1715 4810 mereri
1741 4725 1966 4831 organicam
1985 4737 2130 4826 corpo-
