4728 6338
542 477 1497 593 Pa-scrcutthunutua
1743 500 1797 610 ⁸7

314 703 455 787 Altera
492 708 636 813 portio
671 697 908 810 dependens
928 718 933 764 1
952 698 1079 806 maior
1119 696 1235 791 fibras
1275 707 1588 816 longitudinales
1632 725 1798 806 tunicae

258 849 487 932 monteria
518 869 613 930 cum
654 849 804 930 extima
836 841 1101 924 cohaerentes
1124 851 1354 952 proponit,·
1386 855 1562 956 quaein
1599 858 1798 958 intestinis

253 987 446 1075 tenuibus
479 993 603 1074 oculo
629 987 826 1073 nonsatis
853 1001 1008 1067 armato
1029 988 1101 1067 vix
1126 984 1364 1091 conspicuae
1387 989 1514 1091 sutrt3¹
1531 996 1575 1076 ia
1597 999 1796 1088 intestino

252 1151 350 1213 uero
378 1129 513 1216 crasso
542 1128 758 1214 admodum
783 1125 1049 1234 spectabiles,
1092 1145 1178 1206 non
1212 1129 1272 1210 ita
1309 1128 1483 1236 perse,
1523 1131 1593 1214 sed
1626 1157 1797 1244 proptera

251 1295 402 1357 nexum
434 1270 552 1378 hujus
581 1275 740 1356 tunicae
768 1293 861 1354 curn
888 1264 1030 1349 fasciis
1056 1261 1212 1348 fibrosrs‘
1240 1267 1459 1369 mesocoli;
1500 1271 1655 1380 duplici
1697 1297 1794 1390 ergo

247 1393 561 1518 quaternario·
590 1417 730 1497 tunica
756 1410 992 1496 muscularis
1022 1403 1204 1493 intestini
1228 1411 1537 1504 crassrzeonstatj
1556 1435 1599 1498 et
1628 1424 1794 1510 circula·¹

245 1574 307 1636 res
338 1553 422 1637 five
452 1554 696 1638 transversae
726 1551 818 1636 sunt
852 1553 1087 1652 interiores,
1130 1549 1201 1634 sed
1234 1552 1544 1658 longitudinales
1587 1581 1669 1637 non
1702 1583 1789 1646 onr-

247 1713 343 1774 nenr
378 1695 559 1779 intestini
585 1695 779 1778 ambitum
803 1695 993 1800 cingunt,
1021 1713 1164 1775 verum
1187 1695 1431 1800 colliguntur
1454 1699 1497 1778 in
1519 1716 1599 1780 tres
1622 1698 1789 1784 distinc-

243 1851 308 1918 tos
341 1832 586 1940 fasciculos,
635 1837 704 1941 qui
736 1859 758 1918 a
795 1831 985 1940 processu
1014 1830 1269 1916 vermiformi
1310 1836 1550 1940 incipientes
1581 1859 1656 1943 per
1691 1864 1786 1924 coe·

245 1995 341 2060 cum
370 1993 414 2058 et
445 1979 570 2059 colon
593 1977 720 2059 tribus
752 1973 949 2058 distinctis
979 1976 1082 2058 locis
1109 1991 1324 2058 excurrunt
1359 1993 1403 2058 et
1441 2001 1532 2060 curn
1559 1982 1785 2086 ligamentis

241 2119 324 2202 coli
356 2120 681 2228 conjungentem
736 2142 859 2226 quum
891 2139 992 2200 uero
1031 2115 1081 2199 ad
1119 2136 1273 2199 rectum
1311 2119 1598 2220 pervenerint,
1648 2118 1783 2208 socios

241 2259 503 2367 relinquunt,
545 2259 786 2368 divergunt‚
821 2258 1054 2366 sparguntur
1080 2258 1125 2340 in
1161 2257 1299 2342 orbem
1326 2276 1370 2339 et
1392 2275 1522 2340 totum
1543 2258 1629 2363 ejus
1658 2263 1782 2347 ambi·

240 2414 328 2482 tttm
346 2401 540 2506 cingunt,
562 2399 866 2504 insecunturque
892 2400 935 2480 in
959 2394 1227 2502 sphincterem
1253 2401 1481 2498 internum,
1510 2395 1633 2482 fibrae
1664 2424 1783 2488 verae

238 2540 401 2622 tunicae
430 2541 665 2624 muscularis
696 2537 938 2625 transuersae
974 2543 1018 2623 in
1052 2545 1174 2625 altera
1204 2545 1395 2646 portione
1426 2566 1449 2624 a
1480 2545 1615 2626 tunica
1641 2569 1783 2638 vascu-

239 2677 510 2764 lose-nervat
530 2679 708 2766 detracta
737 2679 982 2787 dependere
992 2681 1270 2790 conspicitur,
1299 2685 1441 2785 inqua
1466 2700 1657 2787 apparent
1676 2692 1779 2771 mul·

233 2833 272 2902 ta
292 2826 449 2906 nucula
476 2821 701 2929 sanguifera
730 2823 956 2906 tenuissima
992 2828 1035 2906 in
1054 2822 1298 2930 separatione
1331 2846 1354 2904 a
1378 2819 1610 2926 subjacente
1633 2825 1778 2918 abscis-

232 2958 271 3044 sa
300 2979 343 3044 et
370 2985 444 3070 per
468 2962 586 3048 fibras
621 2964 726 3072 ipsas
752 2967 993 3050 musculares
1028 2963 1229 3071 dispersa;
1258 2984 1359 3068 quae
1390 2983 1486 3043 vero
1518 2959 1638 3046 fibrae
1670 2989 1776 3050 mus·

233 3103 384 3186 cubres
417 3107 484 3188 hic
522 3109 645 3188 etiam
675 3104 936 3190 observantur
971 3109 1100 3190 multo
1146 3103 1383 3204 validiores,
1425 3123 1545 3205 quam
1574 3102 1617 3182 in
1643 3110 1775 3190 tenui·

231 3243 337 3346 bus,
380 3243 492 3349 quod
530 3251 651 3330 etiam
686 3250 961 3352 requirebatur
996 3262 1165 3353 propter
1197 3239 1450 3326 substantiam
1475 3235 1772 3350 faeculentam„
1848 3349 1849 3354 Ν

229 3405 334 3488 quae
368 3387 543 3491 propelli
585 3407 720 3469 earum
757 3392 1038 3470 contractione
1084 3385 1210 3468 debet
1246 3386 1378 3466 multo
1413 3379 1598 3486 solidior,
1655 3409 1773 3491 quam

230 3527 398 3629 chylus‚
421 3549 542 3632 quem
573 3549 816 3635 promovere
848 3525 999 3610 debent
1023 3525 1141 3610 fibrae
1169 3524 1412 3608 musculares
1433 3528 1641 3623 tenuium
1662 3547 1773 3628 prae·

227 3681 338 3747 terea
370 3670 492 3750 etiam
522 3669 584 3750 vis
609 3669 747 3751 harum
773 3665 957 3752 fibrarum
990 3691 1042 3751 eo
1065 3685 1253 3774 augetur,
1282 3659 1393 3767 quod
1422 3683 1506 3743 non
1528 3679 1659 3746 totum
1691 3670 1769 3750 cir·

226 3809 365 3890 culum
398 3809 580 3891 intestini
611 3831 692 3892 una
719 3813 826 3894 linea
849 3808 1091 3912 absolvunt,
1122 3805 1195 3889 sed
1223 3825 1296 3911 per
1321 3803 1527 3884 intervalla
1556 3803 1676 3884 etiam
1701 3800 1766 3888 fir-

225 3948 347 4030 miter
381 3949 601 4033 cohaerent
631 3973 724 4033 cum
748 3947 1103 4056 longitudinalibus
1146 3963 1188 4028 et
1214 3967 1287 4051 per
1312 3943 1382 4026 has
1408 3963 1500 4024 ctum
1533 3937 1665 4024 fasciis
1695 3965 1764 4026 va·

223 4087 317 4173 lidie
349 4087 560 4174 mesocoli.

275 4227 326 4311 ln
364 4233 560 4314 vasculari
599 4233 758 4336 tunica,
796 4255 820 4314 a
856 4257 934 4338 qua
964 4231 1195 4318 muscularis
1227 4226 1402 4312 detracta
1439 4241 1524 4326 est,
1571 4221 1758 4308 decursus

222 4373 457 4454 ramulorum
501 4374 582 4456 alio
620 4376 739 4457 etiam
786 4373 911 4460 modo
958 4378 1095 4460 locum
1140 4372 1284 4473 habet,
1331 4388 1450 4472 quarn
1484 4365 1528 4446 in
1560 4362 1761 4447 tenuibus.

223 4510 387 4596 Scilicet
406 4518 570 4598 arteriae
591 4536 664 4620 per
684 4513 920 4600 mesocolon
939 4515 1106 4623 quidem
1121 4513 1238 4600 fimili
1256 4513 1412 4594 ratione
1436 4521 1554 4609 atque
1579 4524 1654 4610 per
1676 4525 1760 4588 me·

216 4651 434 4740 senterium
468 4653 782 4762 distribuuntur3
811 4655 884 4746 sed
908 4657 1130 4766 simplicior
1164 4648 1396 4738 observatur
1429 4665 1565 4726 earum
1593 4639 1758 4748 divifi0s

1436 4807 1484 4868 ra
1496 4841 1512 4888 ,
1541 4807 1568 4866 n
