4764 6328
596 434 1474 522 Fascicuuusl’nrstus.
1562 471 1570 478 ·

713 930 1377 1020 TABULAIII.

575 1329 735 1416 ΜΕ
802 1253 1170 1413 ΗΒΕΑ
1238 1326 1512 1414 Nau.

326 1730 540 1880 Exhibet
568 1785 666 1867 haec
700 1784 830 1867 tabula
859 1800 1027 1886 quatuor
1051 1778 1216 1886 figuras,
1246 1805 1407 1886 quarum

328 1931 459 2021 Prima
489 1924 763 2033 repraesentat
799 1943 951 2030 partem
982 1925 1195 2027 perieranii
1227 1899 1403 2004 hominis
1432 1921 1584 2028 adulti,
1615 1931 1656 2008 in
1689 1925 1801 2032 cujus

270 2071 359 2152 vasa
381 2072 542 2153 materia
558 2065 786 2150 tenuissrma
808 2065 920 2145 rubra
943 2062 1092 2168 injecta
1113 2082 1194 2165 est,
1211 2088 1262 2145 eo
1286 2083 1463 2168 eventu,
1480 2087 1525 2146 ut
1548 2091 1632 2151 non
1649 2088 1804 2152 tantum

270 2236 409 2295 eorum
443 2211 662 2296 divisiones
695 2211 738 2289 in
767 2208 939 2288 ramulos
969 2201 1239 2287 subtilissrmos
1279 2203 1374 2288 inde
1415 2208 1586 2311 intelligi
1623 2207 1804 2311 possrnt,
1866 2293 1870 2300 ,

162 2441 165 2446 ,
269 2377 411 2435 vetum
439 2358 559 2435 etiarn
587 2371 725 2432 eorum
743 2347 928 2429 transitus
966 2343 1017 2428 ad
1043 2343 1143 2429 fines
1162 2348 1344 2450 ultimos,
1376 2347 1521 2454 quibus
1549 2353 1591 2431 in
1614 2352 1799 2452 cellulas,

132 2571 135 2578 Α
268 2496 369 2575 hanc
412 2495 683 2578 membranam
729 2485 1051 2592 constituentes,
1103 2490 1376 2572 tenuissrrrrum
1407 2490 1613 2572 humorem
1659 2514 1800 2574 excer-

268 2651 383 2716 nunt.
414 2628 584 2716 Abscissr
606 2651 768 2736 quoque
786 2629 1006 2712 tenuisfimi
1026 2627 1174 2714 surculi
1192 2650 1404 2737 apparent,
1435 2633 1505 2736 qui
1527 2651 1730 2716 transeunt
1751 2633 1801 2713 ad

265 2798 388 2879 poros
425 2774 545 2882 ipsius
575 2770 810 2856 substantiae
843 2774 991 2874 cranii,
1022 2768 1162 2854 autad
1191 2772 1470 2877 expansionem
1491 2771 1802 2855 membranosam
1931 2867 1939 2878 ,

267 2916 438 2996 musculi
477 2910 687 3016 frontalis,
718 2918 824 2996 inter
847 2933 971 3014 quem
999 2927 1042 2992 et
1077 2916 1251 2996 cranium
1281 2913 1379 2996 haee
1405 2914 1633 2996 membrana
1663 2913 1799 3019 jacet,

266 3077 366 3158 quae
400 3077 495 3161 ergo
531 3077 664 3160 neque
697 3052 747 3135 ad
777 3050 949 3154 serosas,
1006 3050 1212 3158 nequead
1243 3051 1422 3136 mucosas
1458 3057 1663 3161 pertinet3
1715 3059 1799 3136 imo
1909 3111 1914 3130 .

266 3218 389 3294 vem,
419 3217 657 3298 quamquam
684 3191 793 3278 forte
820 3217 906 3276 non
929 3193 1014 3278 fine
1041 3196 1194 3278 ratione
1217 3219 1304 3277 eam
1325 3197 1594 3278 membranam
1614 3192 1797 3280 fibrosam

265 3341 566 3441 appellavenmt
594 3339 802 3438 nonnulli,
853 3359 1024 3442 quorum
1054 3342 1195 3422 merita
1225 3340 1270 3419 in
1301 3339 1499 3420 anatomia
1525 3339 1645 3420 etiam
1676 3335 1798 3422 subti-

264 3479 354 3558 liori
385 3480 516 3582 magni
539 3475 679 3580 faci0,
710 3478 810 3559 mihi
837 3482 973 3581 potius
1000 3479 1268 3560 membranam
1295 3475 1525 3563 cellulosam
1551 3475 1797 3562 constituere

261 3615 449 3718 vitietur,
477 3617 682 3701 diversum
717 3623 986 3722 organismum
1014 3619 1229 3700 habentem
1260 3634 1303 3698 et
1332 3617 1516 3700 vasorum
1552 3618 1798 3700 distributio-

263 3759 325 3837 nis
350 3760 569 3860 rationem,
592 3779 614 3838 a
636 3758 798 3863 reliquis
825 3763 1005 3864 corporis
1033 3759 1197 3841 humani
1225 3758 1402 3866 partibus
1425 3757 1628 3842 diversam.

318 3898 501 3980 Secunda
517 3902 613 3997 icon
634 3895 741 3981 facta
767 3917 827 3982 est
848 3897 896 3980 ad
922 3919 1098 3982 naturam
1119 3901 1319 4004 portionis
1342 3896 1459 3980 durae
1487 3902 1621 3982 matris
1637 3961 1649 4002 ‚
1663 3905 1706 3981 in
1719 3923 1795 4002 qua

264 4040 385 4121 etiam
412 4037 499 4120 vasa
532 4038 758 4148 sanguifera
796 4035 1035 4123 felicissimo
1071 4064 1165 4124 cunr
1199 4040 1387 4126 successu
1420 4045 1583 4123 materia
1617 4043 1796 4124 colorata
1833 4025 1837 4032 ’

262 4181 376 4265 ntbra
404 4182 568 4286 impleta
593 4179 708 4285 sunt,
751 4187 881 4266 itaut
913 4204 1055 4266 eorum
1084 4179 1299 4265 divisiones
1332 4186 1376 4265 in
1411 4185 1583 4266 ramulos
1617 4184 1795 4266 minores

262 4337 305 4400 et
336 4323 501 4406 ultimos
527 4321 625 4404 fines
652 4322 703 4404 ad
728 4328 893 4408 oculum
918 4343 1109 4432 pateant,
1152 4342 1196 4409 et
1220 4325 1333 4408 simul
1358 4342 1568 4430 appareat,
1598 4327 1793 4409 rationem

259 4458 546 4547 distributionis
577 4469 757 4552 omnium
783 4487 899 4570 quam
925 4467 1092 4548 maxime
1120 4461 1282 4548 differre
1316 4467 1365 4547 ab
1391 4486 1465 4568 ea,
1500 4489 1599 4568 quae
1635 4469 1679 4548 in
1704 4467 1794 4549 aliis

209 4645 212 4652 ⁴
259 4604 499 4686 membranis
534 4601 672 4690 serofis
705 4609 843 4690 locum
871 4607 1014 4706 habet,
1043 4604 1091 4689 ad
1117 4631 1212 4711 quas
1239 4625 1420 4692 ceterum
1445 4611 1567 4690 etiam
1593 4608 1692 4690 haec
1718 4606 1792 4689 du·

257 4765 300 4822 ra
331 4761 457 4827 mater
486 4771 561 4854 pro
589 4767 699 4854 parte
722 4753 928 4858 pertinere
955 4745 1144 4856 videtur,
1174 4767 1218 4832 et
1241 4741 1379 4834 revera
1400 4770 1562 4854 quoque
1584 4749 1794 4854 pertinet,
