4728 6338
587 467 643 573 '78
854 461 1173 546 lco'uuu
1228 455 1907 544 Auncourcnnuu

591 686 878 768 intestinorum
903 680 1109 789 partibus,
1136 697 1346 760 numerum
1377 691 1420 758 et
1443 674 1785 784 magnitudinem,
1813 699 1861 764 ut
1884 683 1928 764 in
1951 684 2137 768 omnibus

592 852 667 934 pro
695 847 857 909 naturae
893 823 1018 929 scopo
1052 819 1285 904 fimetiones
1317 814 1404 900 suas
1430 815 1629 922 perficere
1659 823 1824 927 possmt.

649 967 697 1050 In
727 969 809 1050 ileo
835 982 968 1048 autem
995 984 1078 1043 non
1106 964 1196 1044 talis
1226 958 1448 1062 compofita
1467 962 1631 1043 intimae
1653 967 1812 1046 tunicae
1842 961 1992 1048 fabrica
2018 989 2139 1072 appa·

592 1131 679 1210 ret3
720 1132 795 1215 pro
826 1087 1000 1190 maxima
1039 1107 1148 1187 enim
1182 1115 1296 1209 parte
1330 1100 1410 1181 hoc
1442 1105 1711 1205 intestinum,
1751 1103 1783 1186 sr
1818 1125 1893 1210 per
1917 1103 2139 1210 longitudi-

590 1273 686 1332 nem
716 1245 960 1362 discinditur
993 1263 1036 1328 et
1066 1241 1310 1362 explicatur,
1335 1235 1791 1370 planomsuperficiem,
1814 1247 1942 1330 naulis
1963 1244 2142 1352 ejusmo-

593 1390 634 1475 di
666 1393 841 1476 valvulis
874 1353 1129 1490 instructam,
1167 1381 1384 1487 monstrat,
1415 1383 1486 1467 nili
1517 1380 1670 1466 forte
1657 1407 1702 1469 m
1725 1383 1930 1493 superiore
1957 1386 2045 1493 ejus
2072 1389 2141 1471 ali·

530 1626 534 1635 ,
580 1533 672 1635 'qua
698 1533 889 1638 portione
919 1551 1004 1610 non
1030 1543 1143 1608 certo
1175 1522 1496 1626 determinanda,
1536 1529 1593 1608 ita
1633 1544 1680 1609 ut
1719 1525 1885 1610 difficile
1913 1529 1964 1612 stt
1999 1527 2140 1635 dictu,

592 1677 663 1757 ubi
690 1673 745 1756 fit
770 1669 866 1756 linis
887 1667 1046 1780 icium,
1075 1670 1145 1752 ubi
1164 1670 1333 1751 initium
1356 1668 1545 1748 uuestini
1567 1668 1674 1770 ilei3-
1693 1665 1918 1775 amplitudo
1932 1673 2145 1755 enimen-

591 1815 693 1898 ualis
727 1831 771 1896 et
799 1805 1031 1918 superficies
1061 1829 1231 1894 externa
1265 1809 1383 1913 plane
1414 1801 1554 1893 similis
1588 1827 1664 1894 est.
1741 1824 1746 1832 ’
1783 1817 1802 1832 ““
1911 1829 1915 1836 ·
2059 1823 2081 1832 ·’

648 1957 699 2040 Ιιι
730 1959 925 2040 ulteriore
959 1978 1060 2037 vero
1092 1949 1228 2062 huJus·
1248 1951 1431 2034 intestini
1457 1951 1527 2066 ilci
1549 1975 1791 2058 progressu,
1832 1955 1942 2038 villis
1973 1951 2140 2060 quidem

594 2119 758 2201 quoque
787 2097 908 2202 plena
942 2093 1029 2200 ejus
1069 2096 1210 2176 intima
1244 2091 1388 2173 tunica
1422 2081 1614 2198 apparete
1655 2096 1777 2178 nullis
1810 2118 1911 2180 vero
1941 2099 2139 2202 valvulis,

595 2238 669 2322 led
694 2241 851 2323 levibus
889 2235 1169 2320 tautummodo
1200 2236 1318 2340 plicis
1351 2253 1412 2316 est
1436 2231 1641 2339 praedita,
1671 2237 1731 2318 uti
1765 2237 1839 2318 hae
1871 2241 1916 2321 in
1937 2235 2142 2345 superiore

596 2379 713 2485 hujus
740 2380 871 2461 lconis
901 2396 1013 2484 parte
1037 2395 1197 2460 notatae
1221 2374 1549 2481 conspiciuntur,
1579 2379 1635 2458 ita
1651 2396 1707 2460 ut
1734 2376 1951 2486 longitudo
1980 2384 2141 2466 tunicae

596 2523 719 2628 huius
765 2519 950 2606 intestini
972 2517 1159 2602 'intimae
1193 2515 1497 2623 longitudinem
1535 2519 1739 2621 extimae,
1772 2537 1840 2604 aut
1872 2525 2138 2628 mtuculrris,

597 2688 682 2748 non
710 2681 787 2745 tarn
813 2660 1001 2768 superet,
1031 2685 1149 2766 quam
1178 2662 1222 2741 in
1250 2657 1442 2743 duodeno
1470 2679 1512 2744 et
1536 2659 1701 2767 ieiuno,
1731 2660 1844 2768 quod
1874 2661 1948 2748 suo
1974 2667 2071 2748 loco
2099 2671 2141 2751 in

596 2831 737 2892 eorum
783 2804 1127 2888 delineationibus
1171 2801 1451 2888 indicavimus.
1531 2799 1695 2886 Notatu
1711 2913 1712 2918 Ν
1730 2823 1865 2888 autem
1899 2803 2066 2912 dignum
2099 2808 2140 2890 in

594 2969 733 3056 parte,
785 2943 835 3027 ad
867 2943 980 3050 cujus
1011 2961 1188 3027 naturam
1225 2947 1325 3028 icon
1362 2943 1463 3028 haec
1489 2941 1601 3028 facta
1636 2943 1745 3050 est,
1779 2945 1964 3052 videtur,
2012 2945 2142 3052 quod,

594 3090 780 3197 quamvis
817 3106 979 3194 turgore
1007 3088 1121 3171 vitali
1153 3090 1277 3194 pleno
1309 3087 1408 3169 haec
1439 3111 1528 3200 pars
1551 3088 1734 3172 intestini
1754 3084 1945 3193 gaudeat,
1975 3085 2141 3172 inferio·

593 3253 678 3314 rem
709 3228 798 3334 ejus
821 3248 978 3336 partem
1009 3227 1147 3313 verl'us
1174 3227 1471 3339 conspiciamus
1498 3232 1736 3336 congeriem
1766 3225 2038 3335 glandularum
2067 3233 2140 3316 mi-

541 3449 544 3460 .
597 3376 815 3474 nimamm,
852 3372 907 3452 ita
934 3379 1285 3478 congregatarum,
1314 3365 1361 3454 ut
1387 3367 1600 3454 arctislime
1632 3373 1745 3453 inter
1771 3367 1811 3450 se
1842 3368 2003 3476 junctae
2035 3370 2134 3476 smt,

598 3531 640 3593 et
668 3512 888 3618 oblongum
927 3537 1073 3620 corpus
1101 3511 1378 3619 glandulosum
1408 3509 1649 3596 constituere
1676 3510 1913 3616 videanttu,
1945 3509 1996 3594 ad
2027 3513 2143 3621 cujus

593 3673 806 3738 externum
831 3655 1024 3740 ambitum
1058 3657 1193 3766 plicae
1226 3653 1410 3763 desinunt
1434 3657 1642 3757 laterales,
1671 3675 1801 3758 usque
1831 3649 1881 3736 ad
1909 3651 2029 3760 hujus
2053 3675 2139 3736 cor·

595 3800 706 3905 poris
729 3797 948 3902 marginem
971 3797 1345 3906 circumscriptum,
1380 3797 1451 3882 ubi
1475 3794 1633 3905 prorsus
1666 3771 1888 3901 definuut,
1903 3773 1959 3881 ita
1980 3811 2028 3880 ut
2050 3795 2140 3880 huic

597 3939 767 4045 margini
794 3935 916 4021 inferi
950 3936 1176 4024 videantur.

649 4077 824 4164 infulam
859 4080 1005 4181 quasi
991 4106 1038 4161 an
1065 4081 1150 4162 hoc
1188 4085 1385 4167 intestino
1413 4084 1492 4168 hae
1518 4015 1726 4188 glandulae
1759 4094 2026 4188 congregatae
2059 4071 2138 4162 ior·

599 4237 733 4322 mant,
772 4224 817 4302 in
840 4214 1140 4324 longitudinem
1163 4221 1406 4328 productam
1432 4243 1476 4308 et
1510 4221 1621 4308 sulco
1649 4217 2003 4328 circumscriptam.
2058 4219 2139 4304 lo

599 4358 749 4444 tissime
773 4357 875 4442 haec
907 4361 1146 4466 conprucula
1165 4359 1419 4470 glandulosa,
1443 4369 1492 4450 in
1513 4367 1636 4452 talem
1658 4361 1828 4446 infulam
1863 4356 2069 4464 conferta,
2098 4362 2143 4444 iu

600 4501 781 4584 humanis
815 4500 1019 4586 intestinis
1047 4503 1218 4604 inveni3
1246 4507 1291 4588 iu
1324 4505 1405 4588 hoc
1440 4529 1544 4596 uero
1578 4503 1802 4616 specimine
1828 4521 1927 4610 post
1956 4497 2139 4591 feliculi

597 4664 705 4726 mam
737 4639 920 4726 vasorum
954 4647 1243 4751 impletionem
1260 4648 1365 4734 «milri
1396 4668 1693 4758 apparuerunt,
1723 4665 1843 4752 quare
1875 4663 2023 4750 operae
2048 4661 2138 4748 pree

596 4787 700 4870 cium
722 4781 822 4872 duxi
848 4802 984 4876 earum
1015 4786 1333 4878 mulonem
1350 4792 1574 4904 exhihere,
1591 4807 1721 4902 guam
1745 4782 1911 4896 quidem
1932 4784 2054 4870 mam
2073 4801 2141 4880 tte
