4764 6328
14 4727 47 4812 ns

581 474 1457 566 Fascrcvtustruoa
1740 512 1792 595 η

260 709 366 810 quali
400 702 629 806 constituit,
660 697 710 787 ad
732 722 852 806 quem
882 699 1012 784 fluunt
1042 701 1263 806 lacrymae,
1294 720 1336 785 et
1363 706 1515 810 inquo
1543 704 1792 812 retinentur,

258 870 304 933 ut
330 873 352 929 a
376 851 683 931 carunculontm
719 843 991 946 lacrymaliurn
1019 843 1190 941 osculis,
1245 843 1288 924 in
1320 846 1480 927 interno
1512 847 1658 952 angulo
1689 853 1797 932 oculi

257 987 341 1070 sese
362 985 695 1087 monstrantibus,
723 983 922 1065 absorberi
949 982 1114 1088 possint.
1145 981 1264 1064 Setae
1291 983 1483 1067 immissae
1512 983 1601 1068 sunt
1627 989 1669 1068 in
1693 989 1793 1070 haec

256 1121 404 1238 puncta
432 1132 684 1233 lacrymans,
717 1148 818 1228 quae
841 1123 1038 1229 absorptas
1073 1128 1264 1227 lacrymas
1300 1123 1450 1207 ducunt
1475 1127 1520 1206 in
1544 1124 1700 1210 saccum
1740 1133 1793 1211 la-

256 1272 474 1375 crymalem
497 1292 570 1374 per
592 1289 740 1350 cornua
761 1265 815 1348 fic
845 1263 953 1346 dicta
985 1267 1200 1364 limacum3
1228 1289 1279 1348 ex
1309 1269 1388 1348 hoc
1414 1268 1527 1351 facco
1545 1329 1558 1372 ,
1579 1269 1628 1350 ad
1659 1278 1793 1376 anguli

255 1416 400 1494 interni
422 1392 656 1494 inferiorern
678 1425 830 1513 partem
850 1405 1163 1512 conspiciend0,
1189 1426 1230 1488 et
1246 1411 1313 1512 qui
1337 1411 1590 1510 membrana,
1617 1415 1790 1493 vasculis

253 1557 398 1659 plena,
423 1558 579 1636 interna
601 1547 786 1648 mucosa,
800 1544 1001 1629 obductus
1031 1565 1115 1646 est,
1132 1543 1343 1629 descendit
1366 1547 1510 1632 ductus
1540 1553 1792 1653 lacrymulis,

254 1701 325 1779 vel
353 1693 492 1776 nasalis
519 1686 844 1789 membranosus‚
873 1706 915 1768 et
940 1689 1115 1771 vasculis
1147 1688 1362 1782 ditissimus
1400 1687 1449 1770 ad
1481 1686 1652 1772 fundum
1687 1694 1791 1772 cavi-

254 1841 345 1919 tatis
372 1839 522 1916 narium
545 1851 670 1935 usque
692 1847 785 1911 ante
818 1847 973 1911 antrum
1008 1827 1051 1909 H
1066 1831 1079 1909 i
1094 1850 1153 1933 gc
1170 1832 1289 1913 hmo
1306 1833 1374 1930 ri,
1406 1829 1517 1933 quod
1540 1835 1687 1934 etiam,
1716 1831 1793 1914 dif-

253 1976 391 2060 fractis
413 1974 593 2076 ossibus,
614 1971 962 2064 membranaceum
992 1988 1035 2052 et
1063 1973 1238 2054 vasculis
1272 1969 1509 2084 ditissimum
1534 1972 1577 2050 in
1601 1973 1681 2053 hoc
1700 1971 1789 2076 spe·

253 2123 406 2200 cimine
459 2119 658 2215 cemitur,
709 2108 984 2217 ponemus
1022 2113 1091 2196 vel
1140 2109 1400 2192 insertionem
1440 2107 1582 2190 ductus
1623 2109 1790 2212 nasalis,

252 2261 427 2341 inillam
458 2258 711 2339 membranae
740 2250 1239 2336 Schneiderianae
1263 2267 1441 2355 partem,
1470 2271 1571 2352 quae
1595 2255 1789 2356 parietem

252 2416 461 2482 externum
487 2399 671 2482 cavitatis
707 2397 861 2477 narium
888 2412 930 2475 et
968 2389 1138 2476 standum
1173 2394 1365 2492 investit,
1397 2406 1438 2470 et
1463 2389 1577 2494 cuius
1611 2394 1790 2474 exterior

252 2537 481 2644 superficies
509 2554 600 2619 ante
633 2554 797 2641 etpost
831 2553 1092 2618 memoratum
1123 2531 1290 2615 ductum
1321 2532 1546 2614 membrana
1576 2528 1788 2612 celluloso-
1880 2536 1886 2547 '

253 2679 406 2781 setosa,
427 2683 600 2784 vasculis
623 2681 801 2763 minimis
817 2676 1030 2778 ditissima,
1054 2694 1161 2758 tecta
1179 2693 1268 2777 est3
1302 2671 1397 2757 dum
1409 2695 1500 2757 ante
1522 2673 1624 2755 hanc
1644 2693 1789 2778 expan-

249 2824 402 2905 sionem
428 2839 612 2926 apertura
642 2823 817 2902 exterior
840 2820 1019 2901 cavitatis
1043 2821 1194 2900 narium
1216 2819 1415 2916 cernitur,
1442 2813 1674 2897 membrana
1703 2836 1789 2894 rnu-

253 2958 344 3041 cosa
367 2961 447 3065 jam
472 2959 714 3066 conspicua,
745 2959 860 3065 cujus
883 2980 1021 3045 natura
1039 2966 1082 3044 in
1104 2958 1283 3065 sequenti
1311 2963 1431 3040 icone
1454 2956 1595 3039 clarius
1615 2954 1669 3036 ob
1693 2977 1790 3036 ocu·
1848 2949 1854 2958 ’

250 3103 311 3186 los
346 3105 523 3208 ponitur.
556 3097 615 3180 (1)

695 3509 1210 3598 FIGURA.
1295 3516 1347 3598 II.

302 3931 418 4016 Haec
440 3930 559 4012 altera
585 3929 683 4009 icon
710 3924 922 4031 monstrat,
953 3932 1075 4013 etiam
1097 3926 1307 4012 artificiosa
1338 3929 1523 4015 vasorum
1548 3935 1787 4039 impletione

245 4086 542 4181 praeparatum,
557 4087 691 4153 totum
711 4091 903 4176 organum
928 4068 1102 4152 olfactus
1124 4068 1290 4154 infantis
1317 4094 1460 4154 recens
1483 4076 1564 4156 nati
1578 4135 1590 4176 ‚
1605 4075 1787 4178 pendens

246 4216 423 4296 acrista·
449 4210 504 4293 src
536 4206 644 4293 dicta
686 4211 804 4313 galli,
845 4233 974 4314 quae,
1008 4234 1029 4291 a
1056 4213 1201 4294 lamina
1232 4211 1404 4295 cribrosa
1439 4211 1534 4296 ossrs
1562 4210 1786 4297 ethmoidei

247 4375 354 4458 orta,
382 4350 533 4437 sursum
555 4355 772 4457 prominet.
817 4353 857 4433 A
877 4369 988 4458 parte
1012 4352 1167 4436 sinistra
1196 4348 1440 4458 conspicitur
1470 4354 1699 4435 membrana
1725 4355 1785 4434 in·

246 4515 359 4581 terna
384 4495 563 4578 cavitatis
599 4494 812 4580 maxillaris
846 4489 1087 4600 superioris,
1137 4493 1315 4585 nondum
1347 4492 1435 4578 satis
1474 4492 1694 4602 formatae,
1744 4511 1785 4576 et

286 4794 344 4880 (r)
365 4793 466 4867 Cous.
489 4798 551 4868 N'.
575 4819 649 4886 233.
674 4797 894 4887 descriptionis
918 4800 1034 4872 Musei.
