4764 6328
497 455 1031 549 ΜεσιέυιιηΔ
1072 451 1540 558 ὃιεΗΗι·
1722 486 1777 582 29

233 682 550 776 mlanusuo
577 687 679 772 beni
707 699 795 768 stat
823 679 1013 767 obversa.
1060 678 1797 802 Tottmtlaocacrpmuffl.

179 813 183 820 ’
236 827 522 940 glandularum-
552 829 941 936 conglotncratarum
977 825 1244 932 compostotm
1289 825 1377 914 cass
1405 849 1596 938 apparot,
1648 851 1694 920 ct
1722 835 1779 918 ita

237 967 413 1056 conferri
444 967 581 1076 posset
610 989 714 1052 cum-
736 968 888 1052 ceteris
913 965 1137 1076 glandulis,
1163 970 1324 1056 salivam
1355 969 1686 1078 secementibut,
1709 997 1796 1084 p-

235 1110 393 1216 rotide,
435 1109 773 1195 submaxillaribus
810 1127 854 1192 et
888 1105 1229 1216 sublingualibusa
1253 1113 1410 1198 ratione
1440 1133 1578 1199 maren
1613 1113 1797 1218 ⁸⁸3⁸,-

235 1271 312 1358 qua
346 1269 481 1336 totum
504 1253 586 1336 boc
608 1256 742 1348 viscus
764 1254 858 1334 ‘illas
884 1250 1088 1358 glandulas
1120 1251 1395 1356 magnitudine
1434 1253 1620 1362 superat,
1656 1261 1774 1344 ruam

231 1391 404 1499 maiores
438 1396 546 1497 lobi,
576 1392 723 1498 qulbus
756 1388 1030 1474 constructum
1070 1413 1157 1494 cst,
1194 1395 1299 1478 lobis
1332 1417 1467 1478 earum
1503 1394 1775 1502 glandulmam

233 1533 406 1642 majores
437 1530 525 1616 esse
558 1531 770 1634 videntura
799 1533 843 1616 hi
876 1551 1013 1615 autom
1041 1555 1092 1613 ert
1124 1535 1350 1618 minoribus
1381 1536 1626 1642 tandemque
1646 1540 1791 1622 »nim«

231 1679 307 1761 mis
332 1693 656 1782 componuntur,
686 1677 757 1778 qui
786 1676 936 1756 arctius
968 1675 1074 1758 inter
1099 1672 1139 1756 se
1169 1674 1358 1760 videntur
1388 1677 1628 1784 cohaerete,
1652 1701 1772 1784 qttam

232 1816 315 1900 lobi
344 1811 546 1921 maiores,
577 1813 792 1916 inquibus
821 1814 985 1920 singulis
1008 1817 1115 1920 quasa
1141 1817 1409 1916 membranam
1446 1839 1677 1924 externam,
1702 1841 1772 1904 ess

230 1963 486 2065 cingentem,
497 1974 539 2038 et
557 1977 602 2040 ut
617 1954 869 2040 intermedia
890 1959 1040 2042 laxiore
1062 1957 1253 2044 cellulosa
1271 1983 1367 2044 cum
1385 1963 1524 2044 vicino
1537 1961 1745 2048 cohaereat
1756 2011 1789 2061 ,-

233 2096 452 2184 facientem
494 2096 789 2204 conspicimut;
837 2099 975 2180 itaut
1013 2097 1185 2184 totidem
1220 2099 1326 2204 quasa
1363 2099 1577 2206 glandulae
1591 2104 1785 2210 -cooglor

228 2221 403 2325 meratae
437 2238 524 2326 esse
557 2238 772 2324 videantur
807 2242 1038 2346 separatae,
1068 2262 1171 2344 quae
1198 2260 1250 2321 ex
1272 2241 1524 2340 minoribus,
1548 2237 1768 2324 arctissime

232 2383 337 2463 inter
361 2378 403 2464 se
429 2379 612 2487 iunctis,
646 2379 735 2464 sunt
762 2381 980 2485 conflatae,
1025 2383 1205 2486 quamvis
1239 2380 1405 2466 tandem
1435 2403 1580 2466 omnes
1609 2386 1786 2466 involo.

227 2545 298 2606 cro
327 2520 556 2626 celluloso,
595 2521 668 2606 sed
706 2528 882 2628 laxiore,
922 2521 1162 2629 conjunctae
1201 2522 1291 2608 sant.
1350 2521 1425 2608 Uti
1461 2539 1595 2606 autem
1627 2545 1766 2606 omnes

227 2661 436 2769 glandulae
472 2666 821 2769 conglomeratae,
851 2686 953 2768 quae
977 2667 1100 2750 alicui
1128 2663 1346 2750 secretioni
1375 2661 1570 2750 inservire
1591 2661 1766 2766 debent,

225 2809 400 2892 vasculis
435 2805 669 2914 sanguiferis
703 2803 793 2888 sunt
825 2803 1058 2910 instructae,
1089 2829 1189 2912 quae
1217 2823 1312 2915 post
1341 2802 1592 2888 adficiosam
1625 2825 1766 2892 eorum

225 2949 403 3031 colorata
431 2950 599 3031 materia
630 2950 915 3054 impletionem
943 2945 1027 3030 sese
1059 2945 1344 3049 manifestant,
1380 2969 1502 3050 quum
1526 2968 1673 3054 corpus
1701 2969 1766 3028 ce·

226 3107 357 3174 terum
388 3086 693 3197 glandulosum,
749 3091 832 3174 stne
879 3085 1074 3174 instituta.
1098 3090 1176 3172 bac
1220 3086 1467 3190 encheiresr,
1509 3110 1650 3195 parum
1700 3113 1764 3170 ru·

223 3231 318 3312 beat
347 3249 389 3312 et
423 3225 509 3312 fere
537 3232 709 3315 vasculis
747 3253 879 3314 carere
905 3229 1120 3334 videatur,
1147 3231 1202 3315 fic
1233 3231 1357 3317 etiam
1388 3252 1453 3312 res
1487 3235 1530 3315 in
1553 3249 1778 3335 pancreatc·

224 3389 447 3479 comparata
468 3385 562 3474 est,
592 3369 754 3456 videtur
769 3375 878 3455 enim
897 3375 1022 3478 magis
1046 3370 1154 3474 albi,
1184 3391 1300 3476 quam
1326 3371 1459 3474 rubri,
1484 3370 1621 3454 saltem
1645 3374 1760 3454 mixti

223 3535 274 3596 ert
304 3515 397 3596 albo
431 3525 476 3594 et
506 3511 651 3614 rubro,
682 3510 771 3596 esse
805 3515 985 3615 coloris,
1012 3514 1043 3598 st
1074 3512 1175 3598 illud
1205 3518 1445 3620 incorpore
1479 3513 1595 3596 saturn
1626 3505 1761 3597 videa-

222 3677 334 3756 rnus,
363 3651 476 3759 quod
502 3657 646 3760 partim
672 3657 846 3740 vasculis
876 3652 1127 3763 sanguiseris,
1156 3675 1259 3760 quae
1286 3657 1329 3738 in
1354 3651 1440 3756 ejras
1467 3647 1677 3736 substantia
1698 3648 1759 3732 su-

220 3793 407 3899 persunt,
438 3797 580 3902 partim
606 3793 852 3900 cellulosae,
877 3819 959 3904 qua
991 3799 1165 3906 cingitur
1199 3813 1244 3907 et
1274 3817 1376 3900 quae
1401 3797 1529 3904 lactea
1568 3789 1773 3892 albedine·-

203 3933 660 4042 .gaudet,tribuendum
690 3957 778 4040 est,
808 3939 881 4022 hac
908 3962 1011 4025 vero
1038 3936 1228 4024 cellulosa
1251 3933 1421 4035 sublata,
1435 3949 1649 4039 postquam
1674 3955 1758 4014 nra·

220 4081 321 4162 terie
346 4075 622 4163 coloratavasa
640 4081 806 4188 impleta
822 4065 938 4182 sunt,
966 4101 1051 4162 non
1065 4078 1229 4185 quidem
1242 4073 1438 4182 maiorum
1457 4070 1642 4160 vasorum
1658 4079 1754 4158 tarni

219 4219 393 4326 insignes
418 4223 462 4306 itt
485 4233 781 4340 eolapparent,
810 4218 879 4305 sed
906 4219 1048 4328 linguli
1088 4221 1216 4306 lobuli
1250 4215 1428 4304 vasculis
1453 4215 1565 4323 pleni
1586 4213 1764 4322 ⁸corripi-,-

219 4362 401 4462 ciuntur,
430 4364 494 4444 'itt
520 4377 565 4444 ut
590 4357 690 4446 inde
719 4359 763 4444 in
793 4361 874 4444 lroc
911 4383 1054 4448 nostro
1087 4363 1315 4476 specimine
1338 4381 1414 4468 pro
1441 4361 1608 4442 mamma
1642 4377 1754 4464 parte

220 4501 347 4586 ntbrls
372 4505 546 4587 vassmis
571 4497 752 4588 constare
776 4502 1011 4611 videantur,
1038 4505 1135 4591 dutn
1160 4523 1353 4589 vcnantm
1379 4503 1512 4586 minor
1538 4499 1657 4603 copia
1678 4521 1757 4602 -per

216 4645 350 4738 ..nimis
374 4636 551 4728 faustum
583 4663 731 4730 earum
752 4649 1002 4754 impletionis
1024 4644 1251 4734 successum
1274 4645 1389 4728 iniis
1411 4658 1619 4748 appaream
1654 4663 1752 4745 qua-

217 4801 305 4872 nam
329 4799 465 4870 tamen
489 4789 698 4876 mmuaotli
720 4809 849 4900 aeque
873 4811 995 4901 atque
1017 4789 1288 4876 arteriolatum
1310 4783 1377 4868 bic
1391 4783 1533 4868 stillio
1554 4779 1767 4886 membra-,-
