4764 6328
626 486 676 569 5²
882 422 1194 536 leonum
1249 445 1925 532 Annnomlcnnuu..

624 703 716 764 mus
754 671 825 758 (1).
899 670 1185 759 Gianiuinmm
1223 667 1343 748 villos
1386 664 1634 768 cingentium
1674 663 1938 774 piaesentinm
1981 677 2025 756 in
2066 699 2146 780 par·

626 841 692 922 te,
748 840 847 922 quae
895 836 1057 922 turgore
1096 808 1163 893 sua
1205 807 1370 890 naturali
1407 810 1538 908 nitet,
1590 827 1673 890 non
1715 806 1872 909 detexi3
1924 835 2024 916 quae
2060 837 2155 898 veno.

624 965 667 1042 in
685 958 799 1044 iiccis
825 953 991 1038 redditis
1026 929 1238 1059 particulis'
1263 947 1311 1028 ab
1344 946 1597 1029 Anatomicis
1633 948 1723 1032 sunt
1757 947 1961 1065 detectae,
1992 958 2147 1039 enchei-

619 1102 692 1185 1es1
725 1094 947 1206 praegressa
985 1093 1035 1177 ad
1075 1095 1161 1177 ilias
1194 1084 1437 1193 detegendas
1476 1085 1726 1191 necessaria,
1783 1092 1886 1174 mihi
1934 1111 2088 1178 tantum
2129 1121 2155 1178 o

618 1241 780 1323 naturali
807 1235 907 1321 statu
930 1236 1190 1320 mutationem
1218 1225 1405 1312 debuisse
1427 1226 1560 1317 subire
1583 1231 1798 1336 videntur,
1820 1250 1866 1316 ut
1889 1257 2029 1341 pamm
2055 1243 2147 1320 certi

620 1379 731 1488 quin
750 1379 802 1461 de
836 1382 885 1464 iis
922 1373 1104 1486 proferre
1141 1371 1368 1482 pessimun
1394 1369 1502 1455 unde
1534 1351 1688 1456 factum
1722 1390 1807 1476 est,
1842 1359 1947 1458 nt'a
1984 1380 2151 1460 nonnul--

617 1527 668 1606 lis
696 1542 828 1603 earum
861 1516 1086 1628 praesentia
1114 1509 1402 1616 confirmetur,
1448 1514 1501 1597 abv
1541 1518 1629 1601 aliis
1676 1521 1719 1601 in
1757 1515 1924 1602 dubium
1957 1537 2145 1623 vocetur,

615 1666 794 1770 quamvis
827 1683 963 1746 earnm
995 1657 1289 1766 descriptiones
1327 1673 1371 1738 et
1402 1651 1697 1744 delineationes
1742 1652 1870 1740 iactae
1911 1657 2014 1760 sunt,
2069 1665 2150 1742 imo.

616 1801 795 1889 diversae
814 1823 947 1884 earum
971 1794 1115 1882 classes
1132 1798 1210 1884 sint
1231 1795 1487 1906 descriptae,
1509 1821 1677 1907 quarum
1694 1796 1883 1884 Brunn
1896 1820 1921 1882 e
1935 1824 2027 1884 rus
2051 1822 2147 1883 non-

569 2002 572 2010 v
614 1948 742 2030 milles
780 1939 982 2062 detexisse
1018 1939 1190 2046 dicitur,
1242 1939 1481 2027 Peierus
1518 1942 1640 2044 alins,
1695 1939 1789 2024 uias
1831 1936 2147 2027 Liberkhu·-

615 2087 712 2168 niu
725 2109 766 2184 ες
820 2080 871 2165 de
912 2080 1056 2188 quibus
1096 2086 1142 2167 in
1187 2087 1375 2191 proximo
1418 2077 1620 2172 fasciculo.
1655 2097 1808 2166 nostras
1844 2076 2136 2170 observationes

616 2203 738 2312 etiam
764 2221 948 2337 proferre
982 2222 1235 2308 conabimur..
1681 2239 1684 2246 ’
1738 2206 1741 2216 ’

654 2601 712 2688 (ι)
734 2599 835 2670 conf.
857 2600 1023 2688 descriptio
1046 2620 1114 2674 mee
1134 2605 1334 2672 vasculorum
1347 2602 1404 2692 ‚iu
1424 2601 1651 2673 intestinotum.
1668 2599 1785 2670 tunicis
1808 2597 2148 2670 subtiliorisnmtomes-

614 2740 675 2815 ope
694 2721 964 2808 detegendotum,
988 2715 1073 2791 Teb.
1096 2719 1112 2790 1
1134 2734 1173 2792 et.
1184 2719 1229 2790 11.

1248 3490 1516 3567 innitente
