4728 6338
620 405 674 487 ὼ
868 397 1184 487 looxuu
1249 387 1922 508 Auarourcxsuu

615 623 842 714 Pancreatis
877 617 1121 720 secundarii,
1149 611 1262 724 quod
1288 628 1439 696 nomen
1468 610 1549 696 suis
1580 613 1775 720 glandulis
1810 633 2050 730 competere
2084 646 2153 726 pu..

614 770 716 853 tavit
740 765 1068 848 Brunncrus
1098 755 1179 861 (¹),
1207 761 1344 844 vicem
1373 756 1512 860 potius
1544 755 1752 840 absolvere
1776 757 1896 864 posse
1922 783 2063 863 magna
2090 785 2155 861 co·⁸

613 913 680 1016 pia
709 909 964 994 vasculorum
1000 903 1271 986 exhalantium
1298 895 1489 997 videtur,
1511 949 1514 958 -
1535 923 1654 1004 quam
1693 899 1902 1006 glandulae
1936 875 2151 1006 mucosae}

610 1053 746 1155 liquor
783 1052 894 1132 enim
932 1047 1158 1128 Pancreatis
1193 1042 1367 1141 salivae,
1409 1061 1495 1160 npn
1530 1041 1856 1144 muco,s1milis
1891 1060 1976 1146 est,
2004 1043 2035 1128 fi
2064 1065 2154 1170 mox

610 1191 764 1274 secreta
814 1185 1021 1272 solvendis
1064 1185 1241 1291 partibus
1286 1183 1427 1288 chymi
1472 1179 1723 1286 spissioribus
1769 1182 1960 1268 inservire
1996 1180 2149 1288 debet,

608 1355 709 1436 quae
741 1349 873 1436 partes
906 1331 1069 1410 nonita
1103 1328 1211 1408 bene
1251 1347 1331 1430 ope
1359 1328 1463 1418 muci
1492 1321 1655 1429 possent
1684 1322 1859 1430 absolvi,
1901 1327 2011 1412 unde
2047 1327 2148 1434 ipsae

608 1469 816 1576 glandulae
855 1471 1175 1574 conglomeratae
1209 1467 1253 1548 in
1279 1463 1454 1554 eundem
1480 1463 1607 1550 finem
1639 1489 1723 1556 non
1753 1491 1942 1586 marcum,
1969 1467 2044 1557 sed
2064 1468 2146 1556 suc·

606 1637 699 1696 cum
727 1613 981 1716 tenuiorem,
1012 1609 1240 1694 solventem
1274 1608 1438 1698 salivam
1469 1627 1715 1715 praeparant.
1780 1675 1784 1684 .

659 1753 816 1838 Verum
850 1753 901 1836 de
939 1755 1013 1835 hac
1046 1753 1283 1858 quaestione
1316 1749 1651 1855 insequentibus
1690 1750 1820 1836 adhuc
1847 1755 2041 1862 quaedam
2082 1757 2145 1841 de·

604 1896 731 1980 cenda
767 1895 886 1999 sunt,
936 1893 1102 1978 sufficiat
1146 1895 1246 1978 haec
1283 1893 1417 1982 tabula
1436 1890 1506 1975 uad
1538 1893 1814 1982 illustrandam
1850 1895 2141 2003 diversitatem,

601 2062 703 2143 quae
728 2041 772 2120 iu
795 2040 937 2120 intiura
968 2033 1179 2140 superficie
1207 2038 1390 2122 intestini
1423 2034 1551 2141 jejuni
1590 2034 1821 2123 observatur
1847 2040 1895 2121 ab
1921 2062 1993 2143 ea,
2031 2065 2143 2148 quam

600 2187 643 2265 in
674 2178 865 2264 duodeno
889 2176 1038 2261 suimus
1065 2179 1357 2286 contemplati,
1386 2176 1483 2262 dum
1513 2181 1693 2284 reliquae
1713 2182 1897 2286 tunicae,
1927 2184 2144 2289 exquibus

599 2323 868 2431 compositum
901 2339 989 2424 cst,
1018 2343 1102 2404 non
1133 2319 1328 2410 differunt
1362 2347 1385 2404 a
1414 2325 1560 2406 ceteris
1594 2327 1799 2408 intestinis
1831 2294 2046 2440 tenuibus,
2073 2351 2136 2434 pa-

598 2485 660 2550 tet
687 2487 820 2549 autem
858 2487 909 2548 ex
954 2466 1301 2572 contemplatione
1339 2464 1457 2571 hujus
1492 2468 1647 2570 iconis,
1690 2465 1784 2572 juga
1825 2465 2037 2551 valvulosa
2079 2468 2139 2550 hic

596 2607 728 2691 multo
771 2604 911 2712 majori
948 2629 1116 2690 numero
1157 2605 1321 2710 adesse,
1363 2629 1407 2697 et
1445 2609 1518 2692 sabi
1557 2611 1726 2715 propius
1762 2606 1965 2716 adjacere,
2019 2630 2065 2693 ut
2093 2633 2137 2690 eo

597 2733 2133 2858 lmfflmmmmqmmmmmmmwmwmm

595 2889 2138 3000 fflmffimstfflmwmmmmmmffimmwmwmmffla

597 3059 709 3118 mum
749 3055 833 3118 tum
862 3035 963 3120 vasis
997 3035 1302 3141 exhalantibus,
1343 3060 1423 3142 quo
1457 3053 1500 3118 et
1531 3034 1632 3118 dilui
1666 3035 1809 3137 chylus
1841 3035 2045 3140 magisque
2079 3031 2133 3117 as-

595 3171 685 3258 suso
716 3175 886 3259 humore
920 3178 1120 3280 inquilino
1162 3182 1205 3262 in
1242 3197 1419 3262 naturam
1461 3178 1675 3262 humanam
1712 3179 1878 3276 mutari,
1921 3193 2008 3258 turn
2039 3198 2133 3260 vero

594 3321 713 3402 etiarn
743 3320 889 3402 osculis
919 3317 1254 3426 absorbentibus,
1283 3345 1366 3425 quo
1391 3321 1490 3410 haec
1523 3342 1575 3403 ex
1603 3317 1752 3426 chylo,
1780 3339 1854 3424 per
1887 3315 1995 3400 hunc
2023 3338 2133 3408 cana-

593 3464 676 3544 lem
709 3457 957 3563 transeunte,
987 3458 1062 3543 srbi
1091 3462 1412 3546 convenientem
1439 3466 1635 3568 liquorem
1666 3459 1824 3542 haurire
1847 3459 2016 3565 possint.
2064 3539 2068 3544 .

649 3603 689 3688 Si
719 3605 829 3687 enim
859 3626 943 3685 non
974 3623 1151 3710 apertam
1180 3624 1222 3689 et
1249 3607 1487 3710 explicatam
1507 3603 1607 3686 hanc
1632 3603 1815 3692 intestini
1839 3617 1993 3708 partem
2022 3605 2129 3684 nobis

590 3751 725 3830 animo
746 3750 1039 3854 proponimus,
1069 3769 1210 3830 verum
1230 3751 1450 3854 integram,
1467 3747 1708 3852 marginibus
1730 3765 1815 3862 non
1835 3739 2034 3847 discissis,
2063 3741 2131 3866 sed

589 3893 764 3974 invicem
791 3889 971 3996 junctis,
1015 3893 1085 3974 vix
1124 3885 1295 3995 spatium
1318 3872 1513 3974 ⁸vacuum
1543 3892 1588 3971 in
1613 3889 1770 3977 interna
1805 3880 1892 3989 ejus
1919 3880 2125 3988 superficie

589 4029 724 4112 adesse
758 4027 880 4112 facile
910 4047 1043 4134 patet,
1074 4049 1117 4112 et
1143 4037 1279 4116 omnia
1305 4051 1456 4141 puncta
1482 4033 1674 4120 villorum
1700 4041 1873 4134 tangtmt
1898 4025 2128 4128 humorem,

589 4175 659 4276 qui
694 4168 852 4271 transit,
889 4187 935 4250 ut
970 4188 1140 4251 naturae.
1163 4170 1321 4260 salutari
1357 4173 1428 4260 fini
1467 4171 1648 4276 satisfiat,
1690 4171 1825 4276 copias
1862 4187 1914 4254 ex
1950 4162 2129 4292 assumtis

586 4312 787 4393 alimentis
817 4305 1098 4414 suppeditandi
1110 4347 1128 4415 ,·
1154 4316 1341 4422 quibus,
1357 4318 1469 4425 quod
1486 4323 1531 4411 vi
1550 4311 1713 4408 actuosa
1734 4311 1917 4428 corporis
1942 4306 2118 4400 consum-

584 4463 675 4537 tum
696 4453 767 4558 fir,
799 4455 998 4542 continuo
1022 4457 1148 4560 possrt
1172 4465 1357 4568 reparari
1463 4557 1465 4563 ,

622 4657 811 4762 (1)C⁰¹¹f·
824 4669 935 4770 1⁰1¹·
951 4672 1080 4741 COM-
1099 4677 1326 4764 alirunas,
1335 4649 1387 4750 'ds
1407 4651 1591 4752 Clandalit
1542 4643 1735 4746 lasuoderrr'
1748 4663 1807 4756 sea
1829 4667 2006 4740 Pancrrate
2021 4667 2129 4751 luuh

581 4773 675 4866 Ιᾰθιο
697 4787 912 4910 Prooemium,
912 4801 1015 4893 pag
1038 4797 1154 4864 abac
1463 4827 1466 4834 ·
1508 4791 1527 4828 ··'
1601 4805 1620 4816 ··
1730 4815 1732 4820 v
1979 4827 2000 4846 r·
