4764 6328
540 415 1545 511 FnscrcunusSncuunus.
1744 443 1819 548 455

278 643 436 725 terebri
467 643 647 724 conticuli
675 633 767 740 (¹);
793 636 905 723 bases
934 639 1043 722 enim
1064 639 1336 742 eutulanum,
1368 661 1465 747 quas
1495 640 1538 721 in
1567 637 1816 745 praeceden-

277 801 319 864 te
353 787 474 866 icone
505 781 725 867 delineatae
758 778 1063 885 conspeximus,
1094 782 1137 862 in
1174 778 1247 860 hac
1273 774 1377 861 infra
1406 775 1591 861 vasorum
1625 775 1816 884 majorim

273 923 591 1009 distributiones·
617 919 835 1027 apparent,
867 942 1033 1024 quarum
1056 918 1346 1028 productiones
1383 918 1615 1027 procedunt
1648 923 1816 1006 interio-

275 1090 361 1148 rem
382 1061 633 1172 superficiem
652 1061 815 1166 versus,
841 1061 1117 1146 ubiinintima
1138 1064 1271 1166 villis,
1297 1063 1513 1146 innumeris
1532 1063 1703 1147 vasculis
1725 1066 1815 1168 ple·

272 1204 472 1308 nissimis,
506 1203 784 1288 terminantur.

327 1342 502 1430 Diversa
539 1342 745 1430 videbitur
780 1340 890 1428 forte
935 1340 1117 1426 vasonem
1168 1342 1468 1430 distributionis
1510 1350 1611 1430 ratio
1650 1349 1693 1429 in
1740 1347 1812 1431 hac

272 1491 392 1568 icone
420 1487 470 1568 ab
497 1486 591 1588 illa,
620 1507 742 1590 quum
768 1483 833 1566 ct.
861 1482 909 1567 B.
939 1485 978 1568 S.
1007 1485 1276 1592 Albinus,
1293 1495 1295 1500 '
1315 1483 1359 1567 in
1383 1480 1656 1590 dilstrtationa
1678 1485 1727 1569 de
1745 1507 1812 1570 ar-

271 1622 387 1708 teriis
418 1637 457 1707 et
487 1623 593 1707 renis
629 1619 907 1705 intestinorum
944 1621 1131 1730 bominis,
1173 1623 1364 1707 coloribus
1399 1623 1651 1730 distinctam,
1700 1629 1812 1712 exhi-

272 1768 388 1869 buit;
416 1789 560 1852 verum
583 1769 678 1869 illa,
700 1765 749 1848 ab
773 1762 923 1848 artifice
959 1773 1149 1874 quamvis·
1168 1768 1410 1853 dexterrimo
1436 1771 1472 1879 J.
1501 1766 1811 1854 L’Admiral

268 1929 421 2016 parata,
468 1911 602 1994 minan
637 1931 730 1992 cum
761 1922 899 1990 natura
942 1912 1154 2018 congmit3
1204 1926 1268 1992 est
1303 1910 1413 1993 enim
1445 1907 1553 1993 facta
1586 1906 1811 1996 secundum
1919 2008 1922 2018 ,

268 2051 560 2151 membranam,
606 2069 708 2153 quae
738 2046 905 2155 quidem
939 2048 1362 2155 vasculosovnerver,
1402 2073 1548 2136 verum
1586 2049 1809 2158 separatae

268 2193 348 2278 suis
399 2187 708 2275 adhaerentibus
760 2192 1003 2275 membranis
1054 2210 1098 2277 et
1144 2210 1237 2277 ante
1279 2188 1593 2275 delineationem
1643 2191 1809 2299 expansa

267 2351 386 2439 atque
412 2330 517 2415 steca
545 2327 701 2414 reddita
728 2349 815 2432 est3
845 2355 929 2438 quo
955 2331 1111 2419 iactum
1147 2319 1233 2440 est,
1262 2352 1308 2420 ut
1334 2330 1425 2418 vasa
1451 2355 1537 2418 non
1555 2331 1672 2419 suum
1691 2351 1808 2419 natu-
1879 2371 1883 2378 ·

261 2477 389 2558 *nalem
419 2471 537 2556 satum
560 2489 679 2579 atque
714 2471 897 2560 habitum
931 2473 1205 2579 servaverint,
1234 2477 1304 2580 qui
1336 2477 1380 2559 in
1410 2489 1548 2560 nostro
1578 2472 1805 2583 specimine

266 2616 374 2700 nulla
404 2609 632 2721 praegressa
667 2615 889 2702 encheiteii
913 2637 999 2701 non
1024 2614 1119 2704 sunt
1145 2619 1308 2702 mutati.

303 2971 363 3064 (r)
384 2968 485 3040 enni.
508 2969 663 3040 Fascuuli
679 2971 709 3040 1.
735 2969 820 3042 Tab.
842 2970 910 3041 iv..
