4764 6328
617 429 672 516 30
878 399 1191 487 lconou
1248 395 1916 484 Aunaouteanum

522 601 527 616 ⁸
610 623 854 732 lymphatica
879 624 1059 724 tollitur,
1090 617 1187 704 dum
1220 615 1379 724 spissior
1409 607 1612 726 remmet,
1641 637 1744 726 quae
1769 639 1824 704 ex
1854 622 1970 706 hisce
1994 619 2162 710 solllcu·

610 771 660 849 lis
690 785 776 871 per*
791 761 978 848 ductulos
1008 777 1275 846 excernentes
1304 764 1347 843 in
1371 763 1586 846 cavitatem
1623 761 1874 872 oesophagi,
1894 763 1944 848 ad
1959 763 2160 852 lubricam

609 885 791 1016 intimam
813 905 1082 990 membranam
1107 898 1374 1005 reddendam,
1403 900 1635 986 effunditur.
2136 911 2140 918 '

667 1047 755 1154 Fig.
797 1070 852 1152 5.,
878 1047 1051 1132 vasculis
1097 1043 1314 1151 majoribus
1360 1041 1606 1130 constantem
1648 1047 1917 1134 membranam
1957 1053 2159 1154 exhibet,

609 1213 711 1296 quae
733 1183 790 1272 sat
811 1187 924 1273 sacili
947 1187 1118 1294 negotio
1143 1182 1308 1268 amodo
1330 1181 1528 1293 descripta
1550 1203 1591 1269 et
1611 1193 1846 1293 musculari,
1866 1211 1969 1296 qnae
1987 1213 2074 1274 eam
2091 1209 2157 1274 te·

610 1336 689 1437 git,
705 1328 873 1437 separari
887 1345 1050 1435 potest;
1079 1331 1410 1432 pcrtelamenim
1438 1327 1669 1438 cellulosam
1696 1329 1789 1416 satia
1811 1336 1939 1417 laxam
1959 1347 2002 1416 et
2025 1351 2153 1418 ramu-

606 1477 666 1555 los
698 1467 881 1561 vasorum
909 1495 1002 1554 cum
1034 1471 1147 1552 hisce
1170 1465 1310 1574 juncta
1344 1466 1432 1553 esse
1468 1469 1587 1556 solet.
1647 1471 1892 1579 singularem
1915 1478 1959 1557 in
1982 1471 2151 1560 modurn

605 1619 649 1696 in
680 1613 756 1696 hat
783 1613 1011 1695 membrana
1037 1607 1212 1714 dispersa
1246 1606 1338 1693 sunt
1366 1617 1552 1718 vascula,
1581 1617 1705 1722 longe
1742 1612 1949 1700 differenti
1986 1617 2036 1696 ab
2062 1618 2150 1700 allis

604 1755 842 1840 membranis
879 1757 1065 1856 ratione,
1101 1753 1218 1836 fimili
1249 1749 1364 1856 sere,
1385 1773 1486 1858 quae
1508 1759 1553 1840 in
1586 1754 1792 1841 vasculosa
1831 1756 2058 1841 membrana
2088 1762 2147 1842 in·

602 1899 742 1980 tostini
784 1899 884 1980 recti
920 1893 1177 1996 observatur,
1217 1897 1260 1976 in
1287 1917 1366 1998 qua
1392 1893 1442 1978 ad
1462 1895 1599 1982 similia
1628 1903 1868 2006 corpuscula
1899 1895 2144 2004 glandulosa,

604 2046 646 2123 in
671 2041 791 2146 plicis
814 2059 978 2144 quoque
1003 2060 1076 2142 per
1106 2031 1399 2144 longitudinem
1425 2040 1607 2123 intestini
1646 2036 1948 2123 decurrentibus
1984 2044 2143 2142 locata,

601 2181 824 2266 decurrunt
848 2197 922 2283 per
944 2175 1178 2260 cellulosam
1204 2181 1357 2278 laxam;
1390 2183 1540 2263 etenim
1564 2183 1608 2264 in
1640 2181 1720 2263 hoc
1743 2183 1937 2265 intestino
1959 2197 2143 2285 quoque,

600 2325 630 2408 s1
663 2321 823 2427 scybala
857 2319 1015 2404 duriora
1042 2341 1114 2426 per
1142 2321 1250 2404 hunc
1284 2325 1460 2404 canalem
1487 2340 1720 2424 transeunt,
1750 2319 1932 2405 dilatatio
1957 2323 2142 2404 notabilis

601 2463 675 2563 fit,
715 2480 757 2545 et
788 2464 843 2545 ita
874 2461 974 2546 baec
1009 2457 1098 2544 vasa
1133 2461 1216 2544 srne
1255 2482 1360 2546 noxa
1398 2466 1591 2572 explicari
1629 2483 1672 2548 et
1703 2469 1744 2549 in
1770 2479 1925 2548 rectam
1955 2463 2143 2547 directio-

600 2629 695 2689 nem
721 2601 885 2688 extendi
919 2600 1113 2710 possunt,
1137 2697 1139 2702 y
1161 2601 1271 2709 quod
1303 2604 1414 2689 idem
1451 2610 1495 2690 in
1531 2604 1760 2712 oesophago
1783 2608 1921 2688 locum
1947 2605 2094 2707 habet,
2120 2631 2142 2688 a

599 2740 869 2831 descendente
905 2763 1001 2852 post
1033 2742 1346 2850 deglutitionem
1377 2746 1478 2829 bolo
1514 2746 1663 2854 majore
1696 2746 1747 2831 ad
1762 2785 1766 2792 ·
1780 2749 2062 2830 ventriculum.

657 2891 814 2974 Omnes
842 2890 913 2974 has
941 2885 1163 2996 descriptas
1194 2892 1352 2973 tunicas
1382 2889 1639 2998 amplectitur
1675 2885 1851 2994 denique
1870 2890 2141 2988 muscularis,

481 3039 486 3052 ‘
597 3053 699 3138 quae
723 3028 834 3115 fibris
856 3051 930 3137 per
953 3025 1250 3138 longitudinem
1277 3028 1442 3115 directis
1468 3033 1646 3116 externis
1677 3029 1768 3115 satis
1798 3025 2025 3136 conspicuis
2047 3049 2142 3111 con-

598 3171 700 3276 stat,
743 3171 838 3292 dum
873 3176 1051 3258 internae
1084 3174 1293 3256 circulares
1327 3178 1399 3257 vis
1433 3171 1627 3257 distincte
1656 3169 1919 3256 demonstrari
1952 3167 2141 3279 possunt,

594 3317 787 3420 quoniam
836 3313 964 3396 multo
1004 3310 1094 3396 sunt
1133 3316 1364 3413 tenuiores,
1426 3339 1542 3419 quarn
1589 3313 1925 3425 longitudinales,
1970 3334 2014 3396 et
2053 3316 2143 3419 quia

599 3461 713 3544 hisce
749 3455 853 3541 adeo
884 3459 1025 3539 intime
1059 3453 1150 3540 sunt
1178 3457 1343 3566 J'unctae
1377 3477 1419 3544 et
1450 3461 1717 3562 intertextas,
1767 3473 1815 3542 ut
1845 3474 1932 3542 non
1967 3455 2141 3540 circulos

596 3605 773 3707 integros
803 3595 1031 3699 absolvant,
1062 3593 1130 3680 sed
1151 3602 1284 3684 ubivis
1314 3623 1404 3684 cum
1433 3598 1789 3710 longitudinalibus
1825 3597 1936 3706 quali
1974 3597 2140 3718 conjun-

453 3831 458 3842 ,
595 3763 747 3848 gantur.
810 3739 1004 3845 Denique
1038 3743 1108 3826 bas
1146 3762 1290 3826 omnes
1325 3747 1455 3850 cingit
1482 3745 1565 3827 tela
1594 3740 1815 3846 cellulosa,
1872 3738 1987 3846 cujus
2016 3755 2141 3846 opta

534 3931 536 3936 .
595 3890 821 3990 posteriore
858 3901 970 3987 parte
1001 3903 1098 3964 cum
1133 3888 1332 3968 anteriore
1367 3883 1577 3992 superficie
1617 3903 1833 3992 corporum
1867 3883 2140 3969 tenebrarum

595 4025 718 4128 dorsr,
749 4045 842 4107 cum
870 4019 997 4104 ductu
1022 4022 1235 4105 thoracico
1266 4041 1307 4105 et
1333 4047 1438 4109 vena
1462 4027 1543 4110 sme
1571 4030 1655 4136 pari
1680 4039 1925 4123 nectuntur,
1953 4023 2004 4106 ab
2032 4039 2140 4104 ante·

593 4171 700 4248 tiore
726 4185 819 4247 cum
842 4165 1033 4268 larynge,
1066 4181 1201 4270 aspera
1223 4168 1366 4250 arteria
1398 4189 1441 4253 et
1474 4189 1610 4255 aortae
1646 4187 1768 4272 arcu,
1797 4193 1820 4250 a
1847 4167 1997 4252 laterali
2028 4181 2139 4273 parte

599 4329 693 4390 cum
708 4325 817 4390 aorta
843 4299 1114 4390 descendente
1131 4321 1173 4389 et
1193 4307 1632 4416 glandulisVesalii;
1655 4307 1867 4415 sed,quod
1880 4309 2138 4416 praecipuum

597 4467 695 4548 est,
730 4467 807 4554 ope
849 4446 967 4554 nujus
996 4449 1100 4533 telae
1128 4450 1342 4536 cellulosae
1371 4453 1612 4542 deseruntur
1643 4472 1783 4563 magna
1803 4455 1925 4558 copia
1950 4453 2065 4535 nervi
2090 4448 2137 4531 ad

597 4589 895 4700 oesophagum,
938 4596 997 4676 uti
1031 4595 1074 4674 in
1107 4593 1195 4703 Fig.
1228 4601 1266 4680 6.
1296 4597 1415 4706 httjus
1455 4595 1634 4682 Tabulae
1665 4611 1785 4704 patet.
1834 4593 1884 4676 In
1918 4593 1992 4673 hac
2030 4591 2138 4672 enitn

594 4731 832 4826 delineatam
861 4732 1132 4844 conspicimus
1159 4743 1400 4826 anteriorem
1434 4739 1655 4848 oesophagi
1676 4731 1937 4846 ·superficiem
1971 4751 2064 4817 eum
2087 4737 2138 4818 lt·

2325 954 2332 1110 l
