<?xml version="1.0" encoding="UTF-8"?>
<!DOCTYPE html PUBLIC "-//W3C//DTD XHTML 1.0 Transitional//EN"
    "http://www.w3.org/TR/xhtml1/DTD/xhtml1-transitional.dtd">
<html xmlns="http://www.w3.org/1999/xhtml" xml:lang="en" lang="en">
 <head>
  <title>
</title>
<meta http-equiv="Content-Type" content="text/html;charset=utf-8" />
  <meta name='ocr-system' content='tesseract 3.04.00' />
  <meta name='ocr-capabilities' content='ocr_page ocr_carea ocr_par ocr_line ocrx_word'/>
</head>
<body>
  <div class='ocr_page' id='page_1' title='image "./iconesanatomico00bleugoog_0084.png"; bbox 0 0 4728 6338; ppageno 0'>
   <div class='ocr_carea' id='block_1_1' title="bbox 511 475 1794 606">
    <p class='ocr_par' dir='ltr' id='par_1_1' title="bbox 511 475 1794 606">
     <span class='ocr_line' id='line_1_1' title="bbox 511 475 1794 606; baseline 0.005 -40"><span class='ocrx_word' id='word_1_1' title='bbox 511 477 1054 568; x_wconf 76' lang='lat' dir='ltr'>-Fascscunus</span> <span class='ocrx_word' id='word_1_2' title='bbox 1117 475 1500 606; x_wconf 50' lang='lat' dir='ltr'>Tannus„</span> <span class='ocrx_word' id='word_1_3' title='bbox 1744 491 1794 597; x_wconf 84' lang='lat'>63</span> 
     </span>
    </p>
   </div>
   <div class='ocr_carea' id='block_1_2' title="bbox 240 697 1835 3810">
    <p class='ocr_par' dir='ltr' id='par_1_2' title="bbox 251 697 1835 1394">
     <span class='ocr_line' id='line_1_2' title="bbox 253 697 1796 816; baseline 0.003 -25"><span class='ocrx_word' id='word_1_4' title='bbox 253 705 430 794; x_wconf 81' lang='lat' dir='ltr'>mensam</span> <span class='ocrx_word' id='word_1_5' title='bbox 467 707 568 790; x_wconf 87' lang='lat' dir='ltr'>haec</span> <span class='ocrx_word' id='word_1_6' title='bbox 605 704 726 790; x_wconf 84' lang='lat' dir='ltr'>rubro</span> <span class='ocrx_word' id='word_1_7' title='bbox 758 703 899 786; x_wconf 85' lang='lat' dir='ltr'>colore</span> <span class='ocrx_word' id='word_1_8' title='bbox 935 697 1019 784; x_wconf 89' lang='lat' dir='ltr'>sese</span> <span class='ocrx_word' id='word_1_9' title='bbox 1048 701 1345 812; x_wconf 81' lang='lat' dir='ltr'>conspicienda.</span> <span class='ocrx_word' id='word_1_10' title='bbox 1375 707 1617 816; x_wconf 68' lang='lat' dir='ltr'>plasmans,</span> <span class='ocrx_word' id='word_1_11' title='bbox 1653 733 1796 796; x_wconf 81' lang='lat' dir='ltr'>vesum</span> 
     </span>
     <span class='ocr_line' id='line_1_3' title="bbox 256 844 1804 956; baseline -0.002 -18"><span class='ocrx_word' id='word_1_12' title='bbox 256 861 378 940; x_wconf 85' lang='lat' dir='ltr'>etlam</span> <span class='ocrx_word' id='word_1_13' title='bbox 414 849 554 936; x_wconf 86' lang='lat' dir='ltr'>eadem</span> <span class='ocrx_word' id='word_1_14' title='bbox 580 853 647 938; x_wconf 85' lang='lat' dir='ltr'>ills</span> <span class='ocrx_word' id='word_1_15' title='bbox 677 850 792 934; x_wconf 78' lang='lat' dir='ltr'>rubra</span> <span class='ocrx_word' id='word_1_16' title='bbox 819 849 982 932; x_wconf 87' lang='lat' dir='ltr'>materia</span> <span class='ocrx_word' id='word_1_17' title='bbox 1006 844 1055 928; x_wconf 90' lang='lat' dir='ltr'>ad</span> <span class='ocrx_word' id='word_1_18' title='bbox 1080 871 1152 932; x_wconf 87' lang='lat' dir='ltr'>vas</span> <span class='ocrx_word' id='word_1_19' title='bbox 1181 848 1473 956; x_wconf 80' lang='lat' dir='ltr'><strong>lymphaticum</strong></span> <span class='ocrx_word' id='word_1_20' title='bbox 1499 849 1583 932; x_wconf 81' lang='lat' dir='ltr'>stne</span> <span class='ocrx_word' id='word_1_21' title='bbox 1610 853 1696 934; x_wconf 91' lang='lat' dir='ltr'>ullo</span> <span class='ocrx_word' id='word_1_22' title='bbox 1725 855 1804 936; x_wconf 87' lang='lat' dir='ltr'>im·-</span> 
     </span>
     <span class='ocr_line' id='line_1_4' title="bbox 252 980 1835 1106; baseline -0.001 -28"><span class='ocrx_word' id='word_1_23' title='bbox 252 997 444 1106; x_wconf 83' lang='lat' dir='ltr'>pletionis</span> <span class='ocrx_word' id='word_1_24' title='bbox 475 996 580 1077; x_wconf 91' lang='lat' dir='ltr'>vitio</span> <span class='ocrx_word' id='word_1_25' title='bbox 611 997 667 1075; x_wconf 87' lang='lat' dir='ltr'>ita</span> <span class='ocrx_word' id='word_1_26' title='bbox 705 991 1007 1094; x_wconf 73' lang='lat' dir='ltr'>penetraverit,</span> <span class='ocrx_word' id='word_1_27' title='bbox 1062 1003 1109 1072; x_wconf 89' lang='lat' dir='ltr'>ut</span> <span class='ocrx_word' id='word_1_28' title='bbox 1144 987 1223 1074; x_wconf 90' lang='lat' dir='ltr'>hoc</span> <span class='ocrx_word' id='word_1_29' title='bbox 1259 989 1367 1074; x_wconf 86' lang='lat' dir='ltr'>clare</span> <span class='ocrx_word' id='word_1_30' title='bbox 1407 989 1457 1073; x_wconf 86' lang='lat' dir='ltr'>ab</span> <span class='ocrx_word' id='word_1_31' title='bbox 1488 994 1676 1077; x_wconf 89' lang='lat' dir='ltr'>omnibus</span> <span class='ocrx_word' id='word_1_32' title='bbox 1710 999 1795 1078; x_wconf 82' lang='lat' dir='ltr'>aliis</span> <span class='ocrx_word' id='word_1_33' title='bbox 1832 980 1835 992; x_wconf 76' lang='grc'>’</span> 
     </span>
     <span class='ocr_line' id='line_1_5' title="bbox 252 1126 1794 1243; baseline -0.003 -22"><span class='ocrx_word' id='word_1_34' title='bbox 252 1139 486 1225; x_wconf 87' lang='lat' dir='ltr'>distinctum</span> <span class='ocrx_word' id='word_1_35' title='bbox 512 1153 720 1243; x_wconf 82' lang='lat' dir='ltr'>appareat,</span> <span class='ocrx_word' id='word_1_36' title='bbox 750 1150 792 1214; x_wconf 92' lang='lat' dir='ltr'>et</span> <span class='ocrx_word' id='word_1_37' title='bbox 821 1129 983 1214; x_wconf 89' lang='lat' dir='ltr'>nodulis</span> <span class='ocrx_word' id='word_1_38' title='bbox 1014 1126 1161 1212; x_wconf 82' lang='lat' dir='ltr'>scateat</span> <span class='ocrx_word' id='word_1_39' title='bbox 1190 1153 1263 1235; x_wconf 90' lang='lat' dir='ltr'>per</span> <span class='ocrx_word' id='word_1_40' title='bbox 1289 1133 1492 1236; x_wconf 74' lang='lat' dir='ltr'>valvulis,</span> <span class='ocrx_word' id='word_1_41' title='bbox 1524 1137 1568 1217; x_wconf 91' lang='lat' dir='ltr'>in</span> <span class='ocrx_word' id='word_1_42' title='bbox 1603 1156 1655 1216; x_wconf 90' lang='lat' dir='ltr'>eo</span> <span class='ocrx_word' id='word_1_43' title='bbox 1680 1157 1794 1241; x_wconf 88' lang='lat' dir='ltr'>prac-</span> 
     </span>
     <span class='ocr_line' id='line_1_6' title="bbox 251 1280 1740 1394; baseline -0.005 -30"><span class='ocrx_word' id='word_1_44' title='bbox 251 1280 398 1364; x_wconf 89' lang='lat' dir='ltr'>sentes.</span> <span class='ocrx_word' id='word_1_45' title='bbox 1737 1387 1740 1394; x_wconf 85' lang='lat'><em>.</em></span> 
     </span>
    </p>

    <p class='ocr_par' dir='ltr' id='par_1_3' title="bbox 242 1409 1796 2531">
     <span class='ocr_line' id='line_1_7' title="bbox 306 1409 1795 1522; baseline -0.003 -12"><span class='ocrx_word' id='word_1_46' title='bbox 306 1423 404 1510; x_wconf 90' lang='lat' dir='ltr'>Nec</span> <span class='ocrx_word' id='word_1_47' title='bbox 451 1441 602 1508; x_wconf 83' lang='lat' dir='ltr'>tantum</span> <span class='ocrx_word' id='word_1_48' title='bbox 645 1422 750 1504; x_wconf 90' lang='lat' dir='ltr'>inter</span> <span class='ocrx_word' id='word_1_49' title='bbox 773 1416 885 1500; x_wconf 89' lang='lat' dir='ltr'>-haec</span> <span class='ocrx_word' id='word_1_50' title='bbox 926 1409 1188 1518; x_wconf 86' lang='lat' dir='ltr'>superficialia</span> <span class='ocrx_word' id='word_1_51' title='bbox 1225 1415 1468 1522; x_wconf 79' lang='lat' dir='ltr'>lymphatica</span> <span class='ocrx_word' id='word_1_52' title='bbox 1508 1420 1795 1510; x_wconf 86' lang='lat' dir='ltr'>intestinomm</span> 
     </span>
     <span class='ocr_line' id='line_1_8' title="bbox 243 1559 1794 1674; baseline -0.006 -20"><span class='ocrx_word' id='word_1_53' title='bbox 243 1571 350 1654; x_wconf 69' lang='lat' dir='ltr'>&#39;haec</span> <span class='ocrx_word' id='word_1_54' title='bbox 387 1584 551 1674; x_wconf 85' lang='lat' dir='ltr'>apparet</span> <span class='ocrx_word' id='word_1_55' title='bbox 583 1559 921 1658; x_wconf 87' lang='lat' dir='ltr'>communicatio;</span> <span class='ocrx_word' id='word_1_56' title='bbox 952 1578 1093 1638; x_wconf 90' lang='lat' dir='ltr'>vemm</span> <span class='ocrx_word' id='word_1_57' title='bbox 1120 1561 1240 1641; x_wconf 89' lang='lat' dir='ltr'>ctiam</span> <span class='ocrx_word' id='word_1_58' title='bbox 1273 1582 1366 1642; x_wconf 90' lang='lat' dir='ltr'>cum</span> <span class='ocrx_word' id='word_1_59' title='bbox 1393 1563 1473 1668; x_wconf 90' lang='lat' dir='ltr'>iis,</span> <span class='ocrx_word' id='word_1_60' title='bbox 1504 1583 1628 1670; x_wconf 89' lang='lat' dir='ltr'>quae,</span> <span class='ocrx_word' id='word_1_61' title='bbox 1652 1586 1704 1648; x_wconf 84' lang='lat' dir='ltr'>ex</span> <span class='ocrx_word' id='word_1_62' title='bbox 1736 1569 1794 1647; x_wconf 90' lang='lat' dir='ltr'>in·</span> 
     </span>
     <span class='ocr_line' id='line_1_9' title="bbox 252 1695 1796 1815; baseline -0.006 -21"><span class='ocrx_word' id='word_1_63' title='bbox 252 1733 366 1794; x_wconf 86' lang='lat' dir='ltr'>terna</span> <span class='ocrx_word' id='word_1_64' title='bbox 392 1705 605 1815; x_wconf 87' lang='lat' dir='ltr'>superficie</span> <span class='ocrx_word' id='word_1_65' title='bbox 638 1696 836 1802; x_wconf 86' lang='lat' dir='ltr'>oriunda,</span> <span class='ocrx_word' id='word_1_66' title='bbox 875 1695 966 1780; x_wconf 85' lang='lat' dir='ltr'>vasa</span> <span class='ocrx_word' id='word_1_67' title='bbox 994 1702 1124 1781; x_wconf 88' lang='lat' dir='ltr'>lactea</span> <span class='ocrx_word' id='word_1_68' title='bbox 1158 1695 1434 1804; x_wconf 91' lang='lat' dir='ltr'>constituunt,</span> <span class='ocrx_word' id='word_1_69' title='bbox 1469 1705 1585 1805; x_wconf 90' lang='lat' dir='ltr'>quale</span> <span class='ocrx_word' id='word_1_70' title='bbox 1617 1726 1687 1786; x_wconf 84' lang='lat' dir='ltr'>vas</span> <span class='ocrx_word' id='word_1_71' title='bbox 1717 1708 1796 1790; x_wconf 90' lang='lat' dir='ltr'>lac-</span> 
     </span>
     <span class='ocr_line' id='line_1_10' title="bbox 248 1839 1790 1950; baseline -0.004 -12"><span class='ocrx_word' id='word_1_72' title='bbox 248 1873 361 1938; x_wconf 88' lang='lat' dir='ltr'>teum</span> <span class='ocrx_word' id='word_1_73' title='bbox 392 1850 579 1938; x_wconf 85' lang='lat' dir='ltr'>coetulea</span> <span class='ocrx_word' id='word_1_74' title='bbox 614 1845 775 1932; x_wconf 86' lang='lat' dir='ltr'>materia</span> <span class='ocrx_word' id='word_1_75' title='bbox 809 1839 1033 1948; x_wconf 84' lang='lat' dir='ltr'>turgidum,</span> <span class='ocrx_word' id='word_1_76' title='bbox 1064 1861 1175 1926; x_wconf 85' lang='lat' dir='ltr'>recta</span> <span class='ocrx_word' id='word_1_77' title='bbox 1204 1864 1277 1950; x_wconf 85' lang='lat' dir='ltr'>per</span> <span class='ocrx_word' id='word_1_78' title='bbox 1302 1841 1471 1926; x_wconf 83' lang='lat' dir='ltr'>mediam</span> <span class='ocrx_word' id='word_1_79' title='bbox 1496 1849 1679 1930; x_wconf 89' lang='lat' dir='ltr'>intestini</span> <span class='ocrx_word' id='word_1_80' title='bbox 1700 1850 1790 1933; x_wconf 91' lang='lat' dir='ltr'>lon-</span> 
     </span>
     <span class='ocr_line' id='line_1_11' title="bbox 242 1982 1790 2104; baseline -0.005 -22"><span class='ocrx_word' id='word_1_81' title='bbox 242 1995 481 2104; x_wconf 80' lang='lat' dir='ltr'>gitudinem·</span> <span class='ocrx_word' id='word_1_82' title='bbox 503 1990 743 2094; x_wconf 74' lang='lat' dir='ltr'><strong>decurrens,</strong></span> <span class='ocrx_word' id='word_1_83' title='bbox 771 1988 815 2072; x_wconf 92' lang='lat' dir='ltr'>in</span> <span class='ocrx_word' id='word_1_84' title='bbox 845 1986 920 2068; x_wconf 92' lang='lat' dir='ltr'>hac</span> <span class='ocrx_word' id='word_1_85' title='bbox 958 1985 1075 2067; x_wconf 88' lang='lat' dir='ltr'>icone</span> <span class='ocrx_word' id='word_1_86' title='bbox 1107 1982 1407 2090; x_wconf 81' lang='lat' dir='ltr'><strong>conspicimus,</strong></span> <span class='ocrx_word' id='word_1_87' title='bbox 1437 2009 1539 2094; x_wconf 88' lang='lat' dir='ltr'>quae</span> <span class='ocrx_word' id='word_1_88' title='bbox 1566 2005 1699 2095; x_wconf 84' lang='lat' dir='ltr'>parata</span> <span class='ocrx_word' id='word_1_89' title='bbox 1728 2010 1790 2074; x_wconf 88' lang='lat' dir='ltr'>est</span> 
     </span>
     <span class='ocr_line' id='line_1_12' title="bbox 248 2125 1793 2244; baseline -0.005 -20"><span class='ocrx_word' id='word_1_90' title='bbox 248 2135 299 2224; x_wconf 82' lang='lat' dir='ltr'>ad</span> <span class='ocrx_word' id='word_1_91' title='bbox 322 2136 554 2244; x_wconf 85' lang='lat' dir='ltr'>specimen,</span> <span class='ocrx_word' id='word_1_92' title='bbox 581 2129 657 2218; x_wconf 63' lang='lat' dir='ltr'>Na</span> <span class='ocrx_word' id='word_1_93' title='bbox 674 2131 769 2244; x_wconf 81' lang='lat'><strong>308.</strong></span> <span class='ocrx_word' id='word_1_94' title='bbox 803 2125 1085 2234; x_wconf 84' lang='lat' dir='ltr'>descriptionis</span> <span class='ocrx_word' id='word_1_95' title='bbox 1112 2125 1407 2215; x_wconf 79' lang='lat' dir='ltr'>Museinostri</span> <span class='ocrx_word' id='word_1_96' title='bbox 1429 2147 1635 2238; x_wconf 86' lang='lat' dir='ltr'>notatum,</span> <span class='ocrx_word' id='word_1_97' title='bbox 1664 2133 1793 2242; x_wconf 90' lang='lat' dir='ltr'>quod-</span> 
     </span>
     <span class='ocr_line' id='line_1_13' title="bbox 247 2268 1786 2388; baseline -0.005 -20"><span class='ocrx_word' id='word_1_98' title='bbox 247 2303 328 2386; x_wconf 85' lang='lat' dir='ltr'>que</span> <span class='ocrx_word' id='word_1_99' title='bbox 356 2279 563 2388; x_wconf 85' lang='lat' dir='ltr'>specimen</span> <span class='ocrx_word' id='word_1_100' title='bbox 591 2299 715 2382; x_wconf 89' lang='lat' dir='ltr'>quum</span> <span class='ocrx_word' id='word_1_101' title='bbox 751 2269 937 2358; x_wconf 84' lang='lat' dir='ltr'>viderent</span> <span class='ocrx_word' id='word_1_102' title='bbox 967 2271 1083 2352; x_wconf 93' lang='lat' dir='ltr'>multi</span> <span class='ocrx_word' id='word_1_103' title='bbox 1120 2269 1212 2354; x_wconf 85' lang='lat' dir='ltr'>Viri</span> <span class='ocrx_word' id='word_1_104' title='bbox 1250 2269 1342 2373; x_wconf 77' lang='lat' dir='ltr'>CL,</span> <span class='ocrx_word' id='word_1_105' title='bbox 1381 2268 1786 2381; x_wconf 87' lang='lat' dir='ltr'>Tiedemannus‚</span> 
     </span>
     <span class='ocr_line' id='line_1_14' title="bbox 250 2411 1786 2531; baseline 0 -27"><span class='ocrx_word' id='word_1_106' title='bbox 250 2423 456 2531; x_wconf 86' lang='lat' dir='ltr'>speciatim</span> <span class='ocrx_word' id='word_1_107' title='bbox 482 2439 525 2503; x_wconf 90' lang='lat' dir='ltr'>ct</span> <span class='ocrx_word' id='word_1_108' title='bbox 546 2417 790 2518; x_wconf 85' lang='lat' dir='ltr'>Meckel,</span> <span class='ocrx_word' id='word_1_109' title='bbox 820 2411 892 2500; x_wconf 94' lang='lat' dir='ltr'>suo</span> <span class='ocrx_word' id='word_1_110' title='bbox 925 2412 1116 2522; x_wconf 87' lang='lat' dir='ltr'>applausu</span> <span class='ocrx_word' id='word_1_111' title='bbox 1145 2437 1230 2498; x_wconf 91' lang='lat' dir='ltr'>non</span> <span class='ocrx_word' id='word_1_112' title='bbox 1255 2411 1466 2522; x_wconf 86' lang='lat' dir='ltr'>indignum</span> <span class='ocrx_word' id='word_1_113' title='bbox 1491 2415 1786 2523; x_wconf 83' lang='lat' dir='ltr'>judicaverunt.</span> 
     </span>
    </p>

    <p class='ocr_par' dir='ltr' id='par_1_4' title="bbox 240 2556 1789 3810">
     <span class='ocr_line' id='line_1_15' title="bbox 303 2556 1789 2670; baseline -0.001 -22"><span class='ocrx_word' id='word_1_114' title='bbox 303 2565 352 2648; x_wconf 89' lang='lat' dir='ltr'>In</span> <span class='ocrx_word' id='word_1_115' title='bbox 379 2565 453 2648; x_wconf 92' lang='lat' dir='ltr'>hac</span> <span class='ocrx_word' id='word_1_116' title='bbox 477 2565 599 2670; x_wconf 84' lang='lat' dir='ltr'>igitur</span> <span class='ocrx_word' id='word_1_117' title='bbox 634 2579 748 2668; x_wconf 86' lang='lat' dir='ltr'>parte</span> <span class='ocrx_word' id='word_1_118' title='bbox 766 2556 844 2664; x_wconf 82' lang='lat' dir='ltr'>jam</span> <span class='ocrx_word' id='word_1_119' title='bbox 875 2557 1019 2664; x_wconf 89' lang='lat' dir='ltr'>incipit</span> <span class='ocrx_word' id='word_1_120' title='bbox 1052 2559 1220 2642; x_wconf 89' lang='lat' dir='ltr'>nutritio</span> <span class='ocrx_word' id='word_1_121' title='bbox 1245 2559 1451 2664; x_wconf 90' lang='lat' dir='ltr'>corporis,</span> <span class='ocrx_word' id='word_1_122' title='bbox 1481 2581 1577 2643; x_wconf 81' lang='lat' dir='ltr'>vera</span> <span class='ocrx_word' id='word_1_123' title='bbox 1599 2563 1789 2646; x_wconf 87' lang='lat' dir='ltr'>nimirum</span> 
     </span>
     <span class='ocr_line' id='line_1_16' title="bbox 245 2697 1789 2814; baseline 0 -24"><span class='ocrx_word' id='word_1_124' title='bbox 245 2707 473 2792; x_wconf 73' lang='lat' dir='ltr'>assimilatio</span> <span class='ocrx_word' id='word_1_125' title='bbox 506 2726 675 2806; x_wconf 89' lang='lat' dir='ltr'>eorum,</span> <span class='ocrx_word' id='word_1_126' title='bbox 706 2722 805 2806; x_wconf 91' lang='lat' dir='ltr'>quae</span> <span class='ocrx_word' id='word_1_127' title='bbox 841 2703 1025 2806; x_wconf 85' lang='lat' dir='ltr'>proxime</span> <span class='ocrx_word' id='word_1_128' title='bbox 1063 2723 1117 2784; x_wconf 88' lang='lat' dir='ltr'>ex</span> <span class='ocrx_word' id='word_1_129' title='bbox 1151 2697 1332 2786; x_wconf 87' lang='lat' dir='ltr'>assumtis</span> <span class='ocrx_word' id='word_1_130' title='bbox 1365 2701 1528 2810; x_wconf 84' lang='lat' dir='ltr'>digestis</span> <span class='ocrx_word' id='word_1_131' title='bbox 1556 2720 1599 2787; x_wconf 91' lang='lat' dir='ltr'>et</span> <span class='ocrx_word' id='word_1_132' title='bbox 1623 2705 1668 2786; x_wconf 90' lang='lat' dir='ltr'>in</span> <span class='ocrx_word' id='word_1_133' title='bbox 1689 2708 1789 2814; x_wconf 87' lang='lat' dir='ltr'>chy-</span> 
     </span>
     <span class='ocr_line' id='line_1_17' title="bbox 244 2841 1787 2950; baseline -0.001 -18"><span class='ocrx_word' id='word_1_134' title='bbox 244 2856 325 2938; x_wconf 92' lang='lat' dir='ltr'>lum</span> <span class='ocrx_word' id='word_1_135' title='bbox 357 2853 521 2934; x_wconf 82' lang='lat' dir='ltr'>mutatis</span> <span class='ocrx_word' id='word_1_136' title='bbox 565 2848 765 2930; x_wconf 85' lang='lat' dir='ltr'>alimentis</span> <span class='ocrx_word' id='word_1_137' title='bbox 807 2845 960 2930; x_wconf 87' lang='lat' dir='ltr'>canales</span> <span class='ocrx_word' id='word_1_138' title='bbox 997 2841 1300 2950; x_wconf 81' lang='lat' dir='ltr'>ingrediuntur,</span> <span class='ocrx_word' id='word_1_139' title='bbox 1356 2845 1503 2950; x_wconf 89' lang='lat' dir='ltr'>quibus</span> <span class='ocrx_word' id='word_1_140' title='bbox 1537 2842 1587 2928; x_wconf 89' lang='lat' dir='ltr'>ad</span> <span class='ocrx_word' id='word_1_141' title='bbox 1625 2841 1787 2932; x_wconf 89' lang='lat' dir='ltr'>fontem</span> 
     </span>
     <span class='ocr_line' id='line_1_18' title="bbox 246 2985 1786 3097; baseline -0.003 -23"><span class='ocrx_word' id='word_1_142' title='bbox 246 2991 339 3076; x_wconf 88' lang='lat' dir='ltr'>duci</span> <span class='ocrx_word' id='word_1_143' title='bbox 366 2990 545 3093; x_wconf 88' lang='lat' dir='ltr'>debent,</span> <span class='ocrx_word' id='word_1_144' title='bbox 576 3011 633 3096; x_wconf 15' lang='lat' dir='ltr'>ex*</span> <span class='ocrx_word' id='word_1_145' title='bbox 657 3011 741 3094; x_wconf 93' lang='lat' dir='ltr'>quo</span> <span class='ocrx_word' id='word_1_146' title='bbox 773 2990 906 3072; x_wconf 89' lang='lat' dir='ltr'>omnis</span> <span class='ocrx_word' id='word_1_147' title='bbox 936 2990 1134 3096; x_wconf 86' lang='lat' dir='ltr'>reparatio</span> <span class='ocrx_word' id='word_1_148' title='bbox 1168 2985 1405 3072; x_wconf 88' lang='lat' dir='ltr'>detritamm</span> <span class='ocrx_word' id='word_1_149' title='bbox 1437 2994 1610 3096; x_wconf 89' lang='lat' dir='ltr'>partium</span> <span class='ocrx_word' id='word_1_150' title='bbox 1639 3011 1786 3097; x_wconf 86' lang='lat' dir='ltr'>corpo·</span> 
     </span>
     <span class='ocr_line' id='line_1_19' title="bbox 243 3127 1784 3238; baseline -0.003 -20"><span class='ocrx_word' id='word_1_151' title='bbox 243 3137 296 3218; x_wconf 87' lang='lat' dir='ltr'>ris</span> <span class='ocrx_word' id='word_1_152' title='bbox 331 3133 453 3218; x_wconf 88' lang='lat' dir='ltr'>debet</span> <span class='ocrx_word' id='word_1_153' title='bbox 486 3131 661 3236; x_wconf 86' lang='lat' dir='ltr'>hauriri,</span> <span class='ocrx_word' id='word_1_154' title='bbox 704 3128 775 3212; x_wconf 91' lang='lat' dir='ltr'>sed</span> <span class='ocrx_word' id='word_1_155' title='bbox 808 3127 859 3214; x_wconf 87' lang='lat' dir='ltr'>ad</span> <span class='ocrx_word' id='word_1_156' title='bbox 888 3149 990 3236; x_wconf 89' lang='lat' dir='ltr'>quos</span> <span class='ocrx_word' id='word_1_157' title='bbox 1026 3133 1181 3216; x_wconf 87' lang='lat' dir='ltr'>canales</span> <span class='ocrx_word' id='word_1_158' title='bbox 1215 3127 1418 3214; x_wconf 82' lang='lat' dir='ltr'>accedunt</span> <span class='ocrx_word' id='word_1_159' title='bbox 1448 3131 1602 3238; x_wconf 89' lang='lat' dir='ltr'>ubique</span> <span class='ocrx_word' id='word_1_160' title='bbox 1635 3132 1784 3236; x_wconf 84' lang='lat' dir='ltr'>rivuli,</span> 
     </span>
     <span class='ocr_line' id='line_1_20' title="bbox 243 3270 1785 3382; baseline 0.001 -24"><span class='ocrx_word' id='word_1_161' title='bbox 243 3301 297 3358; x_wconf 81' lang='lat' dir='ltr'>ox</span> <span class='ocrx_word' id='word_1_162' title='bbox 328 3272 472 3358; x_wconf 87' lang='lat' dir='ltr'>eodem</span> <span class='ocrx_word' id='word_1_163' title='bbox 500 3271 620 3356; x_wconf 88' lang='lat' dir='ltr'>fonte</span> <span class='ocrx_word' id='word_1_164' title='bbox 658 3275 767 3376; x_wconf 88' lang='lat' dir='ltr'>orti,</span> <span class='ocrx_word' id='word_1_165' title='bbox 809 3293 884 3380; x_wconf 88' lang='lat' dir='ltr'>per</span> <span class='ocrx_word' id='word_1_166' title='bbox 916 3293 1018 3378; x_wconf 89' lang='lat' dir='ltr'>quos</span> <span class='ocrx_word' id='word_1_167' title='bbox 1050 3270 1130 3378; x_wconf 74' lang='lat' dir='ltr'>iam</span> <span class='ocrx_word' id='word_1_168' title='bbox 1157 3277 1320 3382; x_wconf 90' lang='lat' dir='ltr'>penitus</span> <span class='ocrx_word' id='word_1_169' title='bbox 1353 3277 1395 3358; x_wconf 93' lang='lat' dir='ltr'>in</span> <span class='ocrx_word' id='word_1_170' title='bbox 1426 3277 1636 3360; x_wconf 87' lang='lat' dir='ltr'>animalem</span> <span class='ocrx_word' id='word_1_171' title='bbox 1672 3293 1785 3360; x_wconf 91' lang='lat' dir='ltr'>natu·</span> 
     </span>
     <span class='ocr_line' id='line_1_21' title="bbox 241 3413 1781 3526; baseline -0.006 -22"><span class='ocrx_word' id='word_1_172' title='bbox 241 3443 320 3504; x_wconf 88' lang='lat' dir='ltr'>ram</span> <span class='ocrx_word' id='word_1_173' title='bbox 355 3417 457 3502; x_wconf 73' lang='lat' dir='ltr'>versi</span> <span class='ocrx_word' id='word_1_174' title='bbox 496 3422 673 3526; x_wconf 86' lang='lat' dir='ltr'>liquores</span> <span class='ocrx_word' id='word_1_175' title='bbox 697 3415 887 3518; x_wconf 81' lang='lat' dir='ltr'>affluunt,</span> <span class='ocrx_word' id='word_1_176' title='bbox 916 3413 1000 3500; x_wconf 91' lang='lat' dir='ltr'>sese</span> <span class='ocrx_word' id='word_1_177' title='bbox 1023 3437 1116 3502; x_wconf 92' lang='lat' dir='ltr'>cum</span> <span class='ocrx_word' id='word_1_178' title='bbox 1148 3419 1268 3502; x_wconf 88' lang='lat' dir='ltr'>novis</span> <span class='ocrx_word' id='word_1_179' title='bbox 1294 3414 1477 3501; x_wconf 90' lang='lat' dir='ltr'>adductis</span> <span class='ocrx_word' id='word_1_180' title='bbox 1505 3413 1781 3526; x_wconf 76' lang='lat' dir='ltr'>coniungunt,</span> 
     </span>
     <span class='ocr_line' id='line_1_22' title="bbox 243 3556 1781 3664; baseline -0.004 -22"><span class='ocrx_word' id='word_1_181' title='bbox 243 3580 285 3642; x_wconf 87' lang='lat' dir='ltr'>ct</span> <span class='ocrx_word' id='word_1_182' title='bbox 314 3563 355 3642; x_wconf 91' lang='lat' dir='ltr'>in</span> <span class='ocrx_word' id='word_1_183' title='bbox 381 3580 597 3644; x_wconf 88' lang='lat' dir='ltr'>commune</span> <span class='ocrx_word' id='word_1_184' title='bbox 626 3561 752 3644; x_wconf 87' lang='lat' dir='ltr'>totius</span> <span class='ocrx_word' id='word_1_185' title='bbox 778 3558 983 3642; x_wconf 89' lang='lat' dir='ltr'>machinae</span> <span class='ocrx_word' id='word_1_186' title='bbox 1015 3558 1170 3642; x_wconf 89' lang='lat' dir='ltr'>bonum</span> <span class='ocrx_word' id='word_1_187' title='bbox 1205 3561 1279 3640; x_wconf 91' lang='lat' dir='ltr'>hac</span> <span class='ocrx_word' id='word_1_188' title='bbox 1313 3562 1452 3642; x_wconf 84' lang='lat' dir='ltr'>intima</span> <span class='ocrx_word' id='word_1_189' title='bbox 1488 3556 1554 3639; x_wconf 86' lang='lat' dir='ltr'>sua</span> <span class='ocrx_word' id='word_1_190' title='bbox 1587 3557 1781 3664; x_wconf 88' lang='lat' dir='ltr'>conjunc-</span> 
     </span>
     <span class='ocr_line' id='line_1_23' title="bbox 240 3707 606 3810; baseline -0.008 -22"><span class='ocrx_word' id='word_1_191' title='bbox 240 3707 352 3788; x_wconf 83' lang='lat' dir='ltr'>tione</span> <span class='ocrx_word' id='word_1_192' title='bbox 381 3723 606 3810; x_wconf 81' lang='lat' dir='ltr'>operantur.</span> 
     </span>
    </p>
   </div>
   <div class='ocr_carea' id='block_1_3' title="bbox 0 0 2368 6338">
    <p class='ocr_par' dir='ltr' id='par_1_5' title="bbox 0 0 2368 6338">
     <span class='ocr_line' id='line_1_24' title="bbox 0 0 2368 6338; baseline 0 8"><span class='ocrx_word' id='word_1_193' title='bbox 0 0 2368 6338; x_wconf 95' lang='lat' dir='ltr'> </span> 
     </span>
    </p>
   </div>
  </div>
 </body>
</html>
