4728 6338
532 511 589 618 m
786 495 1838 601 luouffn'duaiourcaxuu

846 989 1693 1081 ··xABtJLAxv.·2

583 1417 741 1564 Haec
777 1475 909 1557 tabula
943 1478 1109 1557 iconem
1157 1471 1349 1560 monstrat
1394 1477 1592 1582 portionis
1642 1476 1819 1558 intestini
1848 1461 1978 1583 jejuni
2013 1471 2074 1558 in·

525 1612 670 1721 santis,
714 1593 892 1698 sedecim
931 1612 1086 1697 menses
1124 1619 1230 1718 nati,
1273 1617 1427 1698 arteriis
1467 1619 1630 1698 materia
1666 1614 1782 1698 rubra
1818 1606 2080 1700 subtilissima

394 1737 396 1743 ’
524 1757 579 1840 ita
602 1759 803 1862 impletis,
834 1775 878 1838 ut
907 1780 983 1864 per
1010 1778 1136 1841 venas
1163 1755 1343 1844 redierit.

579 1899 781 2007 'Separatis
817 1901 987 2002 tunicis,
1016 1899 1162 2003 qusous
1192 1903 1391 2006 integrum
1420 1903 1658 1984 intestimrm
1691 1896 1961 1983 constructum
1984 1913 2079 2006 est,'

522 2044 566 2123 in
597 2038 805 2148 superiore
841 2041 972 2123 iconis
997 2057 1107 2142 parte
1134 2046 1269 2125 tunica
1299 2061 1487 2147 externa,
1518 2039 1692 2149 separata
1722 2069 1744 2126 a
1770 2041 2076 2150 subiacentibua¹

522 2162 566 2264 et
589 2179 738 2265 sursum
759 2199 903 2284 tracta,
928 2177 1178 2286 conspicitur
1202 2187 1376 2268 vasculis
1389 2185 1616 2269 exilis'fimis
1638 2201 1797 2287 ornata,
1820 2183 1923 2268 dum
1946 2182 2066 2266 librae

520 2321 767 2408 transversae
799 2324 959 2408 tunicae
996 2328 1257 2432 muscularis,
1291 2344 1436 2412 tenues
1471 2352 1547 2434 pro
1578 2345 1737 2433 aetate,
1765 2351 1837 2435 per
1875 2331 2067 2412 extimam

427 2577 433 2588 .
516 2471 754 2574 pellucent3
803 2465 974 2550 inferior
1017 2491 1114 2550 vero
1149 2468 1271 2576 hujus
1305 2473 1440 2554 'iconis
1472 2495 1560 2577 pars
1594 2473 1783 2552 extimam
1813 2465 2067 2576 superficiem

519 2615 715 2718 proponit
744 2613 904 2694 tunicae
931 2610 1095 2692 intimae
1125 2612 1209 2696 srvc
1249 2607 1442 2716 villosae,
1482 2611 1680 2719 separatae
1710 2637 1733 2693 a
1757 2617 1894 2696 tunica
1926 2635 2067 2696 vascu-

519 2729 605 2836 lolo
641 2775 790 2836 nervea
806 2813 819 2855 ‚
871 2769 992 2857 atque
1029 2751 1218 2836 inferiora
1253 2753 1387 2838 versus
1427 2755 1571 2839 reflexa
1614 2752 1862 2861 dependens.
1921 2752 2067 2836 intima

517 2891 747 3003 superficies
780 2892 946 2977 villosae
982 2894 1233 3002 conspicitur
1262 2901 1417 3004 integra
1450 2895 1554 2980 infra
1587 2900 1806 3002 extimam,
1848 2895 2065 3000 conjuncta

517 3038 647 3121 adhue
687 3063 780 3122 cum
820 3056 932 3144 parte
983 3041 1144 3138 tunicae
1189 3039 1399 3122 v'asculoso
1432 3063 1626 3143 nemeae,
1671 3037 1779 3122 unde
1810 3040 2064 3121 valvulamm

515 3183 686 3286 vestigia
721 3177 999 3262 remanserunt.
1064 3179 1171 3264 Villi
1211 3207 1332 3290 porro
1372 3185 1578 3268 exilissrmi
1615 3183 1892 3288 prominentes
1927 3179 2061 3300 ¹super-

397 3372 405 3386 ·
519 3323 620 3408 sunt.
707 3320 816 3405 Infra
865 3325 970 3406 hanc
1014 3327 1191 3407 tunicam
1234 3323 1416 3409 villosam
1464 3322 1710 3427 recondita,
1764 3319 2065 3429 oonspiciuntur

515 3467 752 3574 corpuscula
774 3463 969 3570 quaedam
1005 3465 1174 3548 rotunda
1209 3473 1283 3552 tria
1319 3471 1499 3571 minora,
1534 3489 1658 3552 unum
1689 3465 1812 3573 majus
1837 3463 1889 3546 ad
1920 3467 2072 3571 margi--

516 3631 611 3689 nem
638 3606 756 3714 hujus
782 3611 983 3713 portionis
1015 3608 1292 3714 inferiorem·
1316 3635 1420 3716 quae
1451 3607 1694 3714 aliquamdiu
1739 3604 1941 3714 glandulas
1976 3627 2062 3684 cre

457 3795 460 3805 ·
518 3747 604 3831 didi
656 3747 741 3832 esse
779 3751 997 3853 discretas,
1054 3755 1190 3856 quales
1224 3753 1653 3838 Brunnerianae
1693 3751 1883 3858 appellari
1919 3767 2064 3832 monet

518 3893 582 3975 Cl.
612 3891 1002 3978 Blumenbach
1030 3891 1103 3983 (¹).
1142 3897 1303 3979 'Similia
1334 3898 1569 4001 corpuscula
1592 3891 1764 3977 rotunda
1794 3893 1917 3974 etiam
1939 3889 2061 3995 majo-

513 4035 548 4113 ri
590 4057 758 4116 numero
797 4033 899 4116 inira
930 4037 1038 4118 lianc
1080 4043 1256 4120 tunicam
1299 4039 1483 4124 villosam
1517 4037 1660 4120 adsunt
1699 4039 1743 4118 in
1777 4032 2060 4136 nudavascu—

512 4173 618 4277 losa,
650 4197 672 4251 a
699 4195 778 4275 qua
803 4177 942 4254 intima
964 4173 1137 4278 separata
1166 4199 1209 4262 er
1235 4178 1422 4266 inferiora
1447 4177 1582 4268 versus
1616 4178 1763 4260 reflexa
1786 4192 1873 4276 est3
1902 4197 2062 4256 muscu-

517 4313 606 4392 laris
634 4331 735 4392 vero
766 4331 807 4392 et
838 4312 984 4395 extima
1007 4314 1204 4420 superiora
1228 4322 1364 4407 versus
1399 4321 1600 4406 detractae
1626 4321 1731 4404 sunt.
1775 4316 1941 4423 lugens
1967 4340 2061 4422 por-

513 4477 563 4534 ro
593 4470 755 4558 apparet
784 4456 830 4536 in
857 4455 931 4538 hac
968 4465 1103 4543 tunica
1142 4469 1392 4550 vasculorum
1419 4460 1653 4572 plenitudo,
1694 4483 1866 4566 quorum
1898 4455 2061 4540 exilissr·

515 4593 572 4674 mi
598 4589 726 4701 fines,
760 4613 846 4682 tam
884 4595 936 4680 ad
972 4603 1237 4691 muscularem
1280 4629 1401 4717 atque
1441 4612 1653 4708 extimam,
1687 4621 1774 4688 tum
1799 4600 1851 4686 ad
1881 4602 2062 4685 intimam

555 4839 618 4928 (ι)
639 4839 737 4915 Cous.
755 4845 849 4936 Joh.
871 4847 986 4926 lirid.
1009 4853 1227 4935 iilumeob.
1253 4857 1328 4932 lull.
1352 4855 1491 4945 Physrol.
1515 4855 1548 4943 ς.
1571 4872 1648 4941 ⁴09·
1670 4873 1706 4940 p.
1733 4867 1807 4938 3⁴5·
