4728 6338
614 443 665 526 72
866 417 1181 503 lcotiuiu
1248 409 1907 500 Aua.rourcanu'u

610 611 926 748 'magnitudinem
965 661 1018 720 eo
1051 632 1221 742 perduci
1254 631 1433 733 debent,
1473 631 1668 736 adquam
1703 635 2135 730 Liberkhuniua

608 806 692 864 naas
728 785 869 864 icones
909 783 1086 885 paravit,
1129 774 1251 858 etad
1289 797 1383 877 quas
1415 773 1600 878 parandas
1640 777 1892 858 encheiresrn
1933 801 2139 882 praeterea

606 921 810 1022 ·.dbibuit,
841 940 918 1024 qua
943 921 987 1000 in
1008 921 1167 1000 tertullis
1193 913 1296 996 adeo
1320 917 1499 1020 partibus
1536 919 1777 999 mutationes
1810 941 1833 997 a
1860 916 1959 1000 statu
1982 941 2137 1006 natura·

606 1069 633 1144 ii
663 1087 748 1143 nnn
780 1059 949 1167 possunt
982 1084 1064 1140 non
1102 1058 1296 1165 produci,
1346 1041 1502 1138 scilicet
1537 1059 1874 1161 compressionem
1917 1065 2135 1164 particulae

607 1202 814 1305 cuiusdam
832 1187 1015 1286 valvulae
1032 1197 1226 1302 villosae,
1242 1219 1322 1302 ope
1350 1201 1609 1302 microscopii
1635 1197 1896 1281 delineandae
1910 1262 1925 1302 ,
1938 1199 1989 1282 ad
2008 1207 2133 1308 parie-

606 1367 688 1424 tem
714 1345 811 1428 vafis
844 1343 991 1446 vitrei,
1021 1345 1169 1444 inquo
1198 1357 1387 1420 contenta
1416 1358 1520 1438 erat,
1551 1358 1597 1418 ut
1622 1342 1710 1420 villi
1734 1341 1806 1421 hae
1840 1348 1991 1424 ratione
2026 1339 2135 1447 sepa·

606 1469 701 1584 rati,
731 1503 774 1566 et
799 1486 920 1586 magis
948 1487 1163 1564 claretum
1191 1482 1286 1584 ipsr,
1312 1499 1396 1560 tunt
1435 1477 1596 1583 spatiola
1624 1481 1886 1584 intermedia,
1917 1487 1959 1565 in
1990 1484 2137 1586 quibus

604 1623 810 1728 glandulae
834 1624 966 1706 essent
987 1631 1161 1721 locatae,
1183 1627 1223 1703 in
1245 1619 1506 1724 conspectum
1532 1617 1696 1722 possent
1723 1618 1827 1700 duci.
1862 1621 1930 1702 De
1961 1624 2039 1703 hae
2066 1645 2135 1706 en·

600 1761 766 1847 cheircsa
806 1765 904 1846 haec
935 1765 1060 1864 verba
1094 1769 1321 1847 invenimus
1355 1759 1459 1866 apud
1497 1763 1559 1842 Cl.
1589 1758 1909 1843 Hallerumr
1947 1755 2040 1840 Huc
2072 1783 2141 1841 ra·

600 1905 702 1984 tinne
722 1903 814 2006 jam
847 1909 995 1986 detecta
1024 1904 1067 1984 irr
1096 1903 1272 1986 tilianam
1312 1898 1530 1982 interimus
1562 1898 1697 1980 ostiola
1734 1895 2034 2003 nurnerofisfima
2054 1895 2137 2000 sol-

599 2042 831 2144 titulorum,
861 2041 1045 2150 sanarum
1073 2041 1352 2147 strrrifr'tudr'ne,
1384 2065 1492 2122 muco
1521 2040 1749 2150 plenorum,
1779 2043 1823 2122 in
1850 2063 1948 2148 quae
1976 2057 2011 2160 et
2044 2038 2135 2148 baffi

599 2181 802 2290 narraternsa
828 2186 1115 2290 terminantur,
1162 2171 1203 2263 et
1244 2182 1453 2272 incorum
1484 2183 1610 2284 sunda
1655 2181 1881 2288 corpuscula
1921 2181 2138 2266 albicantia

597 2328 769 2408 rotunda
792 2339 1005 2433 apparent,
1035 2341 1080 2404 ut
1109 2322 1166 2405 ad
1192 2321 1481 2430 cnmpnfitarum
1512 2323 1794 2432 glandu'urum
1823 2346 2028 2404 numerum
2048 2339 2140 2430 per·

597 2467 777 2568 tineant;
831 2467 924 2548 haec
962 2467 1064 2548 enim
1102 2461 1360 2568 minrrtisstma
1402 2461 1630 2574 corpuscula
1654 2485 1773 2546 aerae
1793 2459 1895 2570 fiant
1921 2459 2134 2568 glandulae

595 2628 673 2690 etc.
705 2601 764 2687 (1)

652 2747 765 2830 Mihi
805 2772 903 2833 vero
945 2755 987 2835 ia
1022 2753 1235 2854 omnibus,
1288 2763 1390 2858 'quae
1436 2756 1698 2860 praeparavi,
1733 2749 2018 2856 speciminibus
2048 2753 2134 2838 villi

596 2909 674 2970 tam
700 2893 882 2996 proxime
909 2891 982 2974 srbi
1006 2891 1232 2996 adjacentes
1263 2895 1335 2975 visi
1370 2893 1484 2997 sunt,
1515 2897 1691 2976 utnulla
1723 2896 1962 2996 intervalla,
1989 2893 2135 2978 etiamst

595 3031 812 3132 in‘liquore
834 3031 981 3133 aquoso
1003 3031 1244 3114 fluctuantes
1273 3031 1342 3112 sub
1371 3033 1501 3133 lente,
1526 3032 1615 3113 satis
1637 3032 1796 3137 objecta
1822 3053 2021 3136 tangente,
2047 3053 2133 3112 exa·

591 3171 815 3271 minantur,
836 3176 1117 3274 apparuerint,
1150 3177 1189 3252 in
1212 3176 1356 3275 quibus
1378 3173 1469 3254 talia
1503 3178 1765 3278 corpuscula,
1799 3191 1913 3254 tanto
1940 3194 2129 3274 numeru,

595 3314 776 3410 quumvis
806 3309 1037 3412 exilissrmn,
1075 3309 1196 3392 facile
1223 3316 1360 3414 locum
1390 3297 1604 3416 invenire,
1627 3329 1694 3392 aut
1719 3331 1830 3392 certo
1861 3333 2027 3392 numero
2055 3309 2131 3390 dis·

594 3451 722 3551 tingui
751 3449 942 3554 possent,
972 3453 1026 3530 ita
1061 3473 1222 3554 quoque
1248 3452 1378 3534 visum
1407 3451 1488 3536 fuit
1515 3456 1578 3534 Cl.
1609 3451 2023 3552 Btnmenuach,
2062 3453 2131 3554 qui
2163 3569 2168 3580 Ι

596 3585 754 3688 scribit,
779 3591 842 3671 Cl.
873 3591 975 3672 Lib
991 3615 1012 3670 e
1027 3619 1045 3672 r
1060 3595 1205 3672 kbun
1221 3597 1233 3674 i
1248 3619 1328 3673 um
1353 3593 1462 3674 suum
1489 3599 1698 3674 inventum
1721 3592 1863 3697 passim
1895 3593 1997 3670 ultra
2023 3607 2131 3670 natu·

593 3749 659 3808 rae
696 3733 910 3812 veritatem
948 3730 1118 3816 ornasse.
1149 3743 1207 3824 (ε)
1279 3733 1319 3815 Si
1361 3757 1479 3837 porro
1518 3733 1645 3838 ipsum
1678 3732 1949 3838 glanduiantm
1980 3733 2129 3834 praeci·

593 3891 717 3974 puum
738 3889 947 3974 patronum
969 3871 1235 3976 consulimus,
1265 3878 1409 3976 opinio
1427 3875 1460 3956 B
1476 3877 1530 3955 lu
1544 3898 1583 3952 m
1598 3897 1621 3956 e
1636 3875 1699 3952 nb
1714 3896 1736 3952 a
1750 3895 1772 3950 c
1788 3872 1896 3972 hii,
1911 3893 1991 3974 qua
2013 3872 2129 3949 etiam

592 4007 647 4088 sac
688 4005 813 4090 dictas
852 4009 1280 4099 Brunnerianas
1319 4019 1454 4120 potius
1495 4014 1547 4095 ad
1582 4018 1768 4098 vitiatum
1810 4031 1854 4092 et
1899 4009 2128 4092 morbosum

593 4143 735 4224 statum
766 4155 968 4248 pertinere
1003 4160 1202 4253 putaverit
1239 4151 1324 4259 (a),
1355 4149 1439 4236 non
1468 4152 1736 4238 fundamento
1770 4171 1907 4234 carere
1942 4147 2125 4249 videtur.

595 4279 877 4388 johannem
901 4307 1000 4388 puto
1024 4289 1613 4399 ConradumPeyerum,
1641 4295 1741 4376 haec
1766 4291 1853 4396 ejus
1876 4289 1967 4376 suut
1990 4290 2127 4381 verba:

637 4491 1799 4598 (1)conf.A.abHatter‚eum.Payſs01.Tom.v11.p.30.

633 4607 930 4698 (²)C0nf10b.
955 4617 1071 4686 Frid
1097 4619 1457 4714 Blumenbachl,
1479 4626 1586 4718 lastis.
1591 4623 1725 4713 Phyfiol.
1751 4617 2137 4762 SucbXXVfflupm

635 4718 1366 4828 (3)Conf.Blumenb.L....Cs409
1722 4780 1794 4816 .,
2028 4761 2122 4797 ..r
