4728 6338
515 427 1086 522 ··nrerreurur
1148 431 1536 551 Quanrut.
1766 470 1823 564 79

270 650 405 741 liffiuit
429 653 547 766 Joh.
577 657 878 743 Conradus
902 655 1182 763 Peyerus,
1211 658 1255 740 ln
1277 662 1556 746 exercitatione
1577 659 1609 753 l.
1637 659 1685 752 de
1706 668 1823 776 glan-

268 793 374 878 dulis
405 795 702 908 intestinarum,
728 791 841 882 Ic‘oae
864 799 949 901 1113
978 821 1082 907 quae
1106 825 1205 886 vero
1236 805 1368 887 minus
1388 831 1491 924 *cunr
1520 829 1681 896 naturae
1711 822 1816 901 veri-

266 954 352 1022 tate
376 944 599 1026 convenire
619 939 802 1027 uidetur.v
823 935 1086 1026 Tenerrimae
1104 947 1214 1028 enim
1240 947 1315 1028 hae
1342 947 1550 1054 glandulae
1570 955 1613 1036 in
1636 956 1716 1038 hoc
1739 961 1814 1040 hu-

264 1103 390 1168 mano
418 1087 616 1169 intestino
655 1085 737 1168 ileo
765 1081 884 1187 lunt,
912 1080 1096 1190 respectu
1129 1087 1348 1190 similium,
1390 1079 1487 1195 quas
1525 1095 1570 1176 in
1603 1097 1813 1190 brutorum

260 1223 379 1310 fimili
403 1227 600 1309 intestino
636 1222 873 1325 observavi,
914 1222 1022 1306 unde
1055 1222 1211 1330 stateo,
1262 1249 1328 1312 ens
1362 1229 1527 1334 quidem
1554 1238 1598 1318 iu
1632 1239 1817 1328 humanis

260 1370 462 1453 intestinis
492 1364 652 1474 semper
678 1363 844 1469 adesse,
866 1363 935 1448 sed
963 1385 1133 1473 propter
1154 1371 1375 1454 exilitatem
1397 1394 1482 1456 non
1510 1395 1702 1482 apparere
1727 1385 1812 1464 eol-

260 1505 493 1614 lapl'a,1'rifi
523 1529 698 1614 mucua,
734 1530 857 1614 quem
891 1505 1128 1613 secernunt,
1158 1513 1459 1614 quodammodo
1490 1514 1649 1622 spisl'ror
1674 1519 1813 1610 factue

262 1669 331 1734 eae
368 1647 559 1760 expansae
595 1649 837 1754 servaverit,
892 1667 961 1733 aut
999 1647 1101 1738 felix
1142 1650 1354 1736 artificiosa
1391 1627 1579 1744 vesorum
1622 1663 1809 1766 impletio

256 1789 492 1900 oonspierna
519 1789 764 1894 reddiderit,
806 1793 1109 1880 inanimalibus
1137 1813 1274 1878 autem
1306 1799 1626 1902 nominantibus,
1667 1807 1808 1890 vitulis

261 1951 306 2018 et
330 1939 468 2020 varmo
492 1939 734 2044 praecipue,
759 1933 970 2020 samaiimis
996 1939 1202 2040 mactatir,
1231 1935 1374 2020 eadem
1412 1943 1656 2048 corptucula
1682 1946 1726 2028 in
1751 1963 1809 2028 ta·

255 2078 339 2160 lem
357 2062 932 2181 insulameonfertn,ma1'ora
959 2080 1117 2180 multo,
1142 2081 1324 2183 quamvir
1354 2082 1460 2164 nulia
1478 2081 1569 2164 labe
1605 2085 1800 2190 aplnlmiir

255 2221 382 2306 aliare
418 2219 604 2305 mmbosa
626 2217 865 2304 conditione
896 2220 1131 2306 intentinum
1157 2218 1350 2306 affectum
1378 2219 1509 2325 esset,
1530 2226 1696 2330 inveni,
1727 2241 1810 2332 qua·

253 2380 436 2447 ceterum
462 2360 736 2470 magnitudine
762 2378 877 2444 aucta
905 2379 1202 2470 postmortem
1228 2363 1447 2470 conspicua
1467 2371 1650 2450 veniunt
1709 2369 1800 2456 Ve-

254 2521 301 2590 ro
331 2497 463 2591 {nuile
495 2524 597 2612 ergo
632 2505 822 2609 vidente,
852 2487 1166 2610 *srsl’eyerl
1195 2502 1424 2610 inspicimus
1468 2506 1650 2610 amulas,
1691 2510 1800 2596 bunc

252 2663 457 2732 auctorem
487 2645 574 2731 lirae
607 2650 749 2730 iconae
774 2643 976 2754 murense
997 2644 1056 2729 ad
1086 2645 1330 2754 specimina,
1369 2669 1424 2730 eu
1450 2648 1576 2736 brutia
1604 2648 1804 2753 desorata·

249 2787 381 2873 Ileum
415 2791 496 2873 hoc
529 2793 770 2876 intestinum
808 2791 987 2875 omniane
1016 2794 1202 2884 tenuium
1235 2787 1509 2895 magedarum
1547 2809 1633 2894 est,
1672 2811 1717 2878 ot
1750 2814 1805 2878 et

249 2927 338 3036 ejus
363 2924 514 3014 fabrica
545 2948 730 3040 apparet,
770 2930 978 3036 quomodo
1016 2919 1104 3039 agat
1129 2935 1172 3014 in
1197 2933 1390 3038 chylum,
1421 2955 1544 3036 quem
1576 2959 1598 3016 a
1626 2930 1797 3040 jejuno,

250 3074 295 3155 in
325 3097 408 3180 quo
431 3076 603 3158 maxima
634 3071 899 3156 nobilissimae
933 3079 1059 3182 partis
1095 3073 1182 3180 ejus
1212 3070 1472 3178 absorptione
1508 3071 1686 3156 vasorum
1719 3078 1795 3158 lac-

246 3231 408 3299 teorum
440 3212 588 3297 sublata
617 3231 704 3318 est,
734 3217 903 3322 accipit;
933 3219 1119 3300 nimirum
1155 3220 1199 3300 in
1230 3216 1349 3298 initio
1377 3213 1463 3321 eJ'us
1493 3213 1635 3300 adsunt
1666 3215 1794 3301 adhuc

245 3359 430 3443 valvatae
447 3335 642 3462 quaedem
660 3351 1139 3464 Kerkringhianae,
1171 3379 1272 3462 quae
1296 3353 1428 3440 adhuc
1446 3356 1617 3461 aliquam
1642 3380 1794 3442 moram

244 3496 372 3603 chylo
414 3494 633 3580 transeunti
678 3494 829 3582 faciunt
871 3517 914 3584 et
959 3500 1212 3596 occasionem
1254 3499 1449 3604 praebent
1488 3498 1592 3580 vasis
1627 3502 1788 3602 lacteis,

242 3661 347 3747 quae
382 3657 424 3724 et
456 3641 524 3725 hie
547 3638 689 3747 majori
723 3647 841 3749 copia
870 3641 1039 3760 adsunt,
1078 3631 1196 3756 quarn
1223 3643 1266 3723 in
1293 3643 1418 3744 magis
1445 3633 1639 3718 inferiore
1673 3637 1792 3743 hujus

215 3881 218 3890 ‚
241 3784 424 3868 intestini
440 3797 581 3890 parte,
611 3780 813 3866 adutiles
839 3781 1010 3887 succos,
1039 3787 1113 3888 qui
1137 3751 1193 3866 ib'i
1222 3777 1455 3886 supersunt,
1484 3775 1786 3900 absorbendos,

240 3925 466 4010 haeautem
489 3925 676 4009 valvulae
695 3923 1021 4033 imperfectiores
1047 3923 1177 4029 fiunt,
1198 3941 1241 4004 et
1261 3923 1520 4022 minuuntur,
1537 3941 1619 4022 quo
1652 3925 1781 4048 magis

238 4067 364 4150 ileum
394 4063 575 4172 ajejuno
603 4064 850 4172 descendat3
876 4067 985 4152 unde
1008 4084 1140 4174 patet,
1168 4059 1465 4168 absorptionem
1487 4081 1650 4164 quoque
1672 4063 1782 4144 illam

237 4209 449 4309 imminui,
487 4210 602 4314 quia,
637 4206 798 4293 sublatis
826 4232 903 4319 pro
938 4211 1109 4294 maxima
1134 4223 1247 4314 parte
1283 4203 1446 4286 utilibus
1476 4198 1633 4305 succis,
1676 4224 1779 4307 quae

240 4345 476 4454 supersunt,
506 4367 640 4456 partes
672 4366 877 4456 naturam,
910 4355 1043 4436 minue
1073 4349 1257 4457 corporis
1290 4343 1500 4428 nutritioni
1534 4347 1783 4426 convenien-

239 4505 349 4592 tem,
371 4488 569 4592 induunt,
597 4494 809 4578 imovero
836 4490 1062 4602 putredinis
1095 4491 1204 4596 srgna
1230 4485 1366 4570 secum
1388 4477 1543 4568 femnt.
1601 4481 1672 4566 Ne
1705 4479 1779 4590 igi-

238 4647 304 4714 tur
327 4648 425 4714 tunc
467 4633 593 4738 chylo
630 4635 703 4718 illo
737 4637 874 4722 inutili
908 4657 1021 4720 mora
1050 4635 1174 4718 nimia
1203 4644 1403 4738 ponatur,
1433 4622 1618 4707 delentur
1652 4632 1780 4710 omni·

236 4795 293 4858 no
328 4775 421 4858 illae
441 4777 655 4882 valvuae,
676 4780 742 4861 ita
761 4797 837 4884 ut,
865 4779 939 4866 ubi
962 4776 1015 4862 ad
1040 4797 1210 4860 coecum
1233 4765 1443 4880 pervenit,
1470 4763 1579 4846 nulle
1604 4764 1777 4868 amplius

1310 4929 1315 4938 ·
1410 4929 1488 5011 ιι,
1519 4928 1542 4988 2
