4778 6330
597 408 644 463 ra
842 379 1159 462 leonori·
1213 361 1895 464 dmaromrciiiiuir

585 600 785 709 superiore
824 598 941 705 hujus
973 598 1127 679 tabulae
1159 593 1281 702 figura
1316 611 1504 702 appareat
1535 595 1622 702 ejus
1657 616 1824 682 externa
1861 596 2133 710 superficies·‚.

585 771 686 851 quae
713 740 1023 849 aequabilissima
1056 758 1101 820 et
1141 739 1371 844 glabeiriina
1405 755 1492 839 est,
1549 761 1638 820 rore
1674 741 1717 822 in
1755 764 1926 846 corpore
1963 742 2131 851 semper·

583 884 741 969 madida
778 901 821 966 et
850 899 963 964 recta
994 879 1220 963 membrana
1252 877 1532 962 arachnoidea.
1575 881 1624 962 In
1647 881 1726 964 hoc
1752 905 1849 964 vero
1879 882 2119 989 specimine,

582 1045 675 1132 post
714 1025 986 1108 felicissimam
1017 1019 1204 1104 vasorum
1249 1023 1412 1102 materia
1456 1023 1568 1103 rubra
1601 1045 1769 1104 ceracea
1808 1025 2120 1131 impletionem,

583 1165 862 1272 conspicimus.
890 1169 1049 1270 elegans
1084 1179 1169 1242 rete
1205 1161 1502 1266 arterrolaruin,
1545 1161 1735 1266 quisunt
1768 1170 1865 1249 rami
1903 1168 2132 1252 carotiduni

583 1316 824 1400 internarum
858 1306 1079 1412 menyngei
1117 1317 1158 1384 et
1191 1297 1380 1384 videritur
1410 1305 1455 1386 iu
1485 1301 1666 1410 simplici·
1689 1305 1923 1390 membrana
1955 1330 2125 1392 conteri-

582 1457 636 1553 ti,
665 1456 725 1534 uti
760 1451 920 1532 arterias
952 1469 1025 1552 per
1057 1443 1191 1527 duram
1218 1462 1416 1548 matrem,
1467 1425 1540 1551 per
1573 1447 1750 1551 pleumm
1782 1465 1826 1528 et
1861 1456 2121 1554 peritoneuin

583 1595 701 1680 sunili
753 1594 909 1675 ratione
961 1588 1220 1688 distributas,
1272 1590 1534 1692 contemplati
1575 1582 1752 1686 fuimus3
1809 1588 1919 1692 quod
1970 1592 1999 1673 si
2036 1616 2123 1675 eain

579 1739 848 1834 invertimus,
891 1735 1014 1838 longe
1056 1730 1172 1809 aliter
1212 1725 1478 1811 constitutum
1510 1724 1596 1808 esse
1627 1730 1807 1834 parebit,
1848 1756 1983 1837 neque
2018 1759 2119 1841 opus

574 1894 658 1978 est,
689 1895 735 1959 ut
770 1900 860 1957 eam
894 1879 1166 1971 invertimus,
1211 1867 1281 1951 sed
1316 1872 1504 1951 inomni
1540 1872 1727 1973 marginis
1754 1871 1909 1956 ambitu
1938 1875 2016 1978 jam
2052 1901 2125 1982 ap-

574 2033 711 2119 paret,
768 2013 899 2096 multo
940 2011 1081 2117 majori
1128 2004 1298 2094 artificio
1342 2028 1518 2090 ornatam
1556 2011 1657 2092 hanc
1693 2015 1961 2097 membranam
1999 2017 2086 2099 esse
2103 2073 2124 2119 ‚i

571 2181 690 2258 quain
721 2159 811 2262 quis
846 2155 1017 2261 simplici
1049 2169 1213 2234 esterna
1244 2149 1333 2255 ejus
1364 2152 1710 2254 contemplatione
1739 2171 1917 2256 putaret;
1948 2151 2116 2239 fimbria·

573 2320 660 2378 runi
695 2298 806 2378 enim
837 2291 1018 2377 vasorum
1054 2293 1366 2400 plenissimarum
1403 2295 1564 2377 habitus
1589 2296 1655 2377 hic
1678 2293 1764 2399 jam
1790 2315 1979 2402 apparet,
2010 2323 2111 2401 quae

575 2462 700 2539 mox,
745 2436 909 2519 sihanc
945 2437 1211 2519 membranam
1243 2439 1410 2543 penitus
1442 2432 1638 2518 inversam
1670 2439 2008 2540 contemplamur,
2040 2445 2117 2522 ori-

575 2584 687 2686 gines
714 2574 805 2660 suos
832 2573 1055 2659 admiranda
1085 2581 1286 2681 elegantia
1306 2565 1424 2661 nobis
1457 2575 1687 2660 monstrant.

628 2724 677 2805 ln
714 2719 891 2803 secunda
928 2724 1044 2803 enim
1077 2717 1200 2826 figura
1243 2717 1427 2828 ejusdem
1465 2723 1667 2826 portionis
1696 2724 1785 2825 piae
1812 2727 1966 2828 matris,
1998 2749 2124 2829 quarn

570 2887 669 2948 mox
698 2863 749 2942 ab
786 2880 949 2942 externa
982 2857 1191 2966 superficie
1220 2863 1487 2968 contemplati
1523 2859 1697 2964 suimus,
1742 2866 1941 2945 internam
1967 2861 2113 2948 faciem

571 3006 811 3111 explicatam
841 3000 1042 3086 videmus.
1114 3002 1196 3085 Hic
1238 3023 1370 3087 autern
1402 3003 1483 3110 jain
1508 3019 1617 3106 patet
1646 3005 1776 3106 primo
1810 3006 1984 3105 intuitu,
2028 3031 2120 3087 non,

570 3146 794 3250 simplicem
819 3143 920 3222 hanc
950 3141 1221 3226 membranam
1254 3143 1368 3247 esse,
1400 3141 1469 3226 sed
1490 3142 1540 3224 ad
1562 3145 1771 3226 minimum
1797 3142 1947 3228 duabus
1975 3148 2110 3226 larnel-

571 3291 625 3370 lis·
650 3280 916 3385 constantem,
946 3287 1053 3366 inter
1070 3309 1165 3390 quas
1199 3285 1389 3370 cellulosa
1414 3283 1639 3368 tenuissima
1662 3302 1830 3364 nectens
1854 3303 1896 3364 et
1922 3283 2115 3368 vasorum

570 3434 871 3511 innumerorum
903 3429 1061 3532 copiam
1099 3423 1291 3507 ordinans
1319 3425 1465 3532 jocati
1511 3427 1665 3506 etenim
1701 3424 1735 3505 si
1775 3431 1967 3509 attentius
2005 3429 2114 3508 hanc.

568 3574 731 3652 iconem
757 3571 983 3668 intuemur,
1012 3571 1141 3671 primo
1166 3573 1209 3649 in
1231 3565 1359 3651 fundo
1383 3575 1489 3651 inter
1510 3563 1750 3672 processus,
1796 3568 1865 3667 qui
1893 3563 2073 3670 pendent
2089 3631 2113 3665 ,,

570 3711 793 3813 detegimus
833 3705 1160 3792 distributionem
1202 3714 1476 3794 arteriolanim
1512 3711 1665 3815 ingenti
1704 3709 1819 3811 eopia
1834 3769 1847 3810 ‚
1898 3709 1963 3790 bie
2002 3711 2107 3813 quasi

568 3871 654 3934 rete
684 3847 909 3934 universale
955 3847 1219 3953 facientium,
1261 3858 1304 3934 in
1337 3875 1427 3954 quo¹
1455 3857 1582 3953 tatii),
1613 3873 1689 3953 qua
1720 3850 1962 3930 ramulorum
1988 3852 2114 3930 mini--

566 4015 726 4074 morum
765 3989 956 4092 dispersio
994 3994 1135 4071 locum
1166 3993 1309 4091 habet,
1350 3991 1476 4074 rursus
1515 3997 1634 4100 longe
1666 3987 1818 4073 diversa
1854 4005 1913 4071 est
1944 3990 1991 4068 ab
2024 4013 2098 4094 ea,

568 4156 687 4236 quani
715 4134 759 4213 in
784 4129 870 4210 aliis
893 4127 1132 4212 membranis
1163 4137 1426 4238 contemplati
1455 4149 1570 4215 antea
1604 4129 1754 4215 suimus
1783 4126 1863 4227 (1);
1892 4126 1961 4210 sed
1990 4155 2100 4234 prae.-

454 4323 460 4340 -
567 4293 673 4352 terea
704 4265 913 4368 videmus,
945 4267 1024 4352 hoc
1053 4269 1249 4355 infundo
1276 4300 1360 4358 non
1389 4275 1473 4357 esse
1499 4278 1714 4359 terminum
1743 4273 1880 4356 harum
1905 4275 2111 4354 asteriolo-1

569 4439 655 4500 nini
688 4409 1002 4516 distributionis,
1033 4411 1105 4497 sed
1139 4418 1204 4500 hic
1229 4441 1362 4503 orrum
1392 4423 1468 4503 iter
1497 4416 1545 4498 :id
1569 4421 1693 4521 longe.
1721 4413 1939 4497 nobiliores
1969 4416 2111 4518 regio--

607 4723 665 4812 (r)
688 4723 789 4792 Coris.
814 4722 900 4792 Tau.
923 4725 988 4792 111.
