4764 6328
604 401 688 546 μ’
859 433 1173 516 Icoauu
1236 425 1899 518 Aaaaourcaaau

604 661 669 744 vis
696 651 888 765 ponderis
912 657 1049 738 viscus
1073 650 1274 746 nectitur3
1302 641 1412 750 quod
1438 666 1536 753 ergo
1563 669 1709 755 magno
1733 647 1968 754 adjumento
1996 674 2059 739 eat
2093 655 2143 739 ad

605 798 707 884 illud
729 794 1033 883 sustentandum
1050 792 1164 875 alteri
1182 793 1424 900 ligamento,
1453 784 1609 872 scilicet
1632 795 1846 874 coronario
1865 789 2004 898 dicto,
2035 796 2145 900 quod

601 943 646 1020 ia
670 935 876 1045 superficie
902 938 1118 1044 praecipue
1144 931 1227 1015 lobi
1257 925 1418 1032 majoris
1445 929 1697 1035 conspicitur
1720 949 1763 1013 et
1788 930 1934 1016 eodem
1964 935 2090 1018 modo
2120 962 2144 1020 a

599 1083 822 1188 peritonei,
851 1076 961 1182 quod
987 1073 1218 1160 inferiorem
1245 1066 1531 1174 diaphagmatis
1564 1088 1718 1175 partem
1749 1073 1880 1178 tegit,
1908 1073 2026 1158 simili
2048 1101 2146 1182 pro--

601 1225 747 1327 pagine
769 1222 918 1320 oritur,
948 1233 1067 1321 atque
1090 1212 1131 1296 fe
1157 1217 1200 1294 in
1226 1207 1421 1322 descensu
1456 1233 1549 1294 cum
1571 1217 1653 1295 lato
1678 1218 1899 1320 ligamento
1912 1215 2071 1322 jungit,
2100 1239 2150 1300 et·

600 1363 654 1448 stc
693 1360 809 1466 hujus
842 1357 1043 1441 functioni
1075 1375 1240 1460 quoque
1275 1354 1439 1457 egregie
1465 1350 1722 1452 'succumta
1748 1359 1885 1460 itaque
1918 1356 2019 1440 baec
2044 1358 2137 1464 liga-

598 1521 734 1586 menta
760 1503 912 1606 optime
938 1495 1166 1580 constructa
1195 1492 1404 1594 videntur,
1433 1510 1479 1576 ut
1504 1494 1737 1599 conjunctis
1768 1499 1921 1580 viribus
1948 1481 2137 1601 caveant,

596 1667 649 1728 ne
671 1647 840 1747 reliqua,
871 1663 972 1746 quae
999 1639 1134 1743 hepati
1154 1639 1341 1740 contigua
1367 1637 1411 1714 in
1437 1632 1661 1718 abdominis
1689 1659 1794 1721 cavo
1819 1635 1981 1744 jacent,
2006 1641 2133 1722 visce-

595 1807 659 1885 ra,
704 1786 917 1864 molestam
956 1779 1007 1862 ab
1047 1801 1102 1858 eo
1135 1775 1390 1882 pressionem·
1425 1783 1617 1883 cogantur
1664 1776 1800 1881 ferre·;
1823 1801 1827 1810 ·
1852 1802 1907 1860 eat
1944 1777 2133 1864 inferiore

594 1947 693 2008 vero
748 1925 931 2029 margine
983 1919 1201 2004 rotundum
1253 1920 1515 2023 ligamentum
1544 1922 1801 2023 'prominent
1854 1918 2136 2025 conspicitur,

592 2061 702 2168 quod
727 2083 848 2165 ante,
878 2087 996 2166 quam
1029 2064 1156 2144 homo
1196 2077 1310 2142 natus
1340 2057 1489 2160 fuerit,
1517 2081 1604 2144 non
1633 2077 1717 2144 erat
1748 2063 2033 2168 ligamentum,
2065 2061 2134 2144 sed

590 2203 765 2286 summae
799 2203 1042 2284 accessrtatis
1069 2223 1140 2283 vas
1168 2221 1339 2301 cautam,
1381 2221 1494 2284 vena.
1518 2198 1693 2300 scilicet,
1735 2202 1828 2304 quia
1851 2222 1903 2284 ex
1922 2197 2024 2308 ⁴fune
2044 2225 2129 2286 um-

588 2347 740 2428 bilicali
770 2342 1022 2448 sanguinem,
1072 2363 1095 2420 a
1124 2341 1308 2446 placenta
1345 2338 1584 2444 advectum,
1632 2340 1769 2428 foetus
1810 2367 1957 2449 corpus
1991 2343 2134 2428 versus

590 2486 762 2572 serendo
807 2483 1051 2568 destinatum
1091 2501 1201 2581 erat;
1259 2482 1422 2567 simulac
1466 2505 1577 2564 *vero
1620 2487 1665 2566 in
1700 2487 1836 2567 lucem
1871 2481 2025 2590 prodiit
2052 2490 2128 2598 in

590 2627 702 2729 fans,
761 2627 884 2730 ligato
927 2621 1026 2706 fune
1074 2625 1340 2723 umbilicali„
1379 2627 1494 2708 riuus.
1520 2627 1586 2707 hic
1618 2623 1783 2727 sistitur,
1841 2630 2014 2734 parietes
2057 2629 2128 2710 hu-

586 2771 653 2876 jus
685 2767 782 2854 vasis
812 2787 897 2846 nnn
935 2765 1103 2870 amplius
1143 2761 1452 2867 distenduntur,
1495 2760 1567 2846 sed
1614 2767 1894 2871 collabuntur,
1940 2788 2124 2848 concres-

589 2925 687 2992 cunt
716 2925 760 2989 et
794 2901 1043 2990 constituunt
1072 2909 1340 3011 ligamentum,
1359 2904 1611 3010 'rotundum3
1643 2906 1754 3011 quod
1788 2909 1837 2990 ab
1868 2910 1987 2990 altera
2015 2927 2133 3016 parte.

587 3048 806 3150 umbilico,
835 3046 883 3127 ab
911 3049 1038 3130 altera·
1066 3050 1244 3128 interiori
1280 3049 1382 3152 parti
1414 3047 1591 3153 hepatis,
1634 3051 1679 3130 in
1711 3045 1880 3130 decursu
1912 3053 2131 3154 peritoneo.

585 3185 811 3288 adnexum,
861 3191 983 3268 etiam
1019 3183 1214 3270 conducit
1237 3190 1407 3271 multum
1435 3185 1486 3270 ad
1509 3187 1809 3276 sustentandum
1844 3192 1887 3271 in
1928 3189 1995 3274 sua
2030 3190 2127 3274 sedo.

587 3330 724 3436 hepar.
807 3393 810 3400 .

640 3473 817 3554 Alterius
853 3472 1040 3578 hepatis,
1068 3469 1297 3577 superficiei
1327 3474 1531 3559 inferioris
1567 3472 1912 3578 scssicet,·sorma
1934 3477 1978 3557 in
2002 3476 2130 3556 altera

586 3619 706 3697 icone
735 3611 931 3695 delineata
958 3631 1044 3714 est,
1074 3633 1116 3696 et
1146 3612 1353 3718 sequentia
1378 3636 1522 3706 notatu
1548 3615 1667 3722 digna
1696 3616 1878 3698 exhibet.
1936 3613 1984 3694 In
2013 3609 2119 3716 supe·

584 3758 689 3838 riute
718 3755 803 3836 lobi
831 3753 990 3860 majoris
1025 3772 1138 3860 parte
1173 3757 1435 3862 ligamentum
1475 3757 1661 3850 dextrum
1694 3755 1890 3838 reflexum
1917 3750 2124 3856 dependet.

585 3899 807 4001 integrum,
849 3893 964 3997 cujus
996 3891 1182 3998 superior
1195 3919 1286 4001 pars
1308 3896 1538 4002 conjuncta,
1555 3915 1617 3980 est
1641 3921 1734 3979 cum
1757 3899 1977 4002 ligamento
2001 3894 2116 3998 hepa-

585 4041 637 4118 tis
658 4033 811 4136 majore
835 4031 905 4114 seu
923 4031 1200 4137 suspensorio,
1229 4037 1337 4139 quod
1354 4061 1406 4122 ex
1426 4039 1681 4144 diaphragma
1700 4041 1946 4120 investieate
1969 4036 2114 4140 perito-

583 4199 663 4257 neo
680 4172 919 4278 productum
933 4195 1062 4276 aeque
1079 4193 1266 4259 externae
1283 4181 1404 4284 ipsius·
1418 4183 1573 4286 hepatis
1587 4179 1836 4262 membranae
1849 4237 1863 4278 ‚
1875 4192 1992 4279 atque
2007 4176 2126 4258 omni.

582 4318 657 4398 bus
684 4311 771 4417 ejus
794 4313 959 4412 reliquis
985 4315 1228 4421 ligamentis,
1257 4324 1452 4427 originem
1474 4322 1653 4428 praebet.
1690 4317 1757 4401 Ad
1776 4321 1975 4400 internum
1999 4315 2119 4418 hujus¹

581 4454 786 4562 ligamenti
808 4455 910 4534 latus
935 4453 1018 4535 lobi
1042 4453 1203 4568 majoris
1225 4464 1448 4545 eminentia·
1466 4458 1596 4543 tendit
1611 4455 1661 4541 ad
1678 4457 1819 4541 lubum
1843 4459 2041 4540 minorem
2062 4473 2115 4534 at·

581 4619 661 4702 que
676 4592 815 4675 desinit
823 4651 835 4692 ,
858 4587 1048 4677 inferiora
1061 4595 1194 4684 versus
1208 4625 1281 4708 pro
1300 4621 1409 4711 parte
1435 4605 1606 4704 reflexa,
1621 4600 1862 4686 inlobulura
1887 4599 2122 4706 minimum.

579 4738 729 4824 dictum
755 4735 1036 4840 spigelii,
1056 4741 1119 4822 uti
1146 4739 1197 4825 ad
1228 4745 1328 4832 latus
1352 4749 1554 4830 internum
1581 4741 1738 4828 vesicae
1774 4735 1918 4824 felleae
1954 4755 2113 4846 apparet
