4764 6328
506 511 1517 633 ·Fsscrcunussnconnu‘sr.
1733 537 1796 639 3531.

681 1009 1189 1104 TAB'ULA
1268 1013 1364 1104 ΧΗ.

252 1453 345 1538 DE
385 1445 741 1534 INTESTINI
780 1439 1082 1528 DUODENI
1128 1437 1362 1530 PUNICA
1407 1441 1784 1532 MUSCULARI

621 1599 714 1682 ΕΤ
754 1585 1434 1680 NERVls'O-VASCULOSA.

313 1968 453 2115 Cum
483 2020 632 2106 faciem
671 2039 876 2106 externam
909 2041 952 2104 et
986 2026 1183 2105 internam
1212 2019 1486 2126 praecedente
1513 2025 1633 2104 icona
1673 1989 1785 2106 exur-

253 2169 411 2251 buerirn
435 2166 617 2248 intestini
645 2161 822 2250 duodeni
847 2165 1070 2272 portionis,
1099 2162 1198 2244 hoec
1222 2162 1352 2245 rabula
1374 2159 1525 2245 medias
1556 2135 1799 2266 superficies

255 2310 308 2390 ob
344 2309 487 2390 oculos
502 2308 649 2412 ponit,
681 2323 723 2389 et
751 2310 808 2388 ita
833 2323 1026 2414 apparent
1054 2301 1178 2386 fibrae
1207 2309 1448 2388 musculnres
1474 2303 1596 2409 hujus·
1609 2305 1786 2387 nominis

252 2454 438 2550 tunicae,
468 2443 624 2549 nudae,
655 2467 751 2550 quas
790 2467 885 2526 mox
910 2467 1000 2524 curn
1034 2445 1179 2524 extima
1216 2446 1480 2527 cohaerentes
1516 2465 1559 2528 et
1587 2468 1658 2550 per
1699 2469 1786 2528 eam

219 2584 476 2695 ‘pellucidas
513 2583 728 2688 vidimus,
758 2582 959 2690 separatae*
997 2607 1018 2664 a
1058 2589 1198 2667 tunica.
1234 2583 1451 2688 cellulosa,
1503 2610 1602 2691 quae
1645 2611 1792 2670 vassu·

252 2727 373 2814 lnsarn
401 2734 512 2836 tegit

304 2874 517 2978 Apparent
542 2865 822 2964 transversales
859 2885 902 2951 et
940 2867 1278 2974 longitudinales,
1313 2873 1476 2976 priores·
1508 2877 1647 2980 magis·
1663 2878 1789 2986 mani<

251 3011 377 3097 festae
412 3028 454 3092 et
478 3010 551 3095 fibi
578 3013 762 3117 proxime
799 3007 1047 3115 adiacentes,
1092 3008 1399 3132 longitudinales
1434 3015 1661 3116 tenuiores,
1698 3033 1785 3098 non

252 3171 332 3236 tarn
368 3168 478 3234 arcte
516 3153 801 3254 cohaerentes,
830 3174 921 3236 cum
959 3152 1073 3237 hisce
1114 3152 1352 3258 conjunctae
1383 3153 1597 3258 videntur,
1625 3159 1682 3240 ita
1715 3173 1784 3259 ut,

251 3316 346 3376 cunr
372 3294 421 3377 ab
452 3296 652 3377 exteriore
682 3311 794 3400 parte
830 3292 1173 3397 transversaliurn,
1217 3311 1304 3378 turn
1334 3294 1382 3376 ab
1419 3297 1608 3380 interiore
1650 3319 1787 3382 earum

251 3451 362 3541 parte
388 3432 572 3541 conspici
594 3435 774 3540 possint,
803 3451 992 3538 tanquam
1013 3432 1132 3519 fibrae
1160 3435 1383 3537 discretae;
1405 3441 1449 3520 in
1462 3436 1785 3524 transversalibus
1847 3531 1849 3538 ,

252 3579 386 3659 artem
411 3573 563 3679 fibrae,
586 3581 633 3661 in
656 3573 872 3658 fasciculos
901 3577 1098 3658 collectae
1131 3591 1174 3656 et
1200 3576 1370 3658 vasculis
1403 3578 1583 3658 minimis
1618 3574 1789 3662 instruc-r
1827 3653 1832 3670 ,

251 3733 338 3818 tae,
391 3718 532 3800 clarius
572 3733 790 3823 apparent,
834 3731 878 3796 et
922 3716 1071 3820 pellem
1106 3713 1194 3798 satis
1232 3713 1398 3798 solidam
1442 3712 1692 3800 constituere
1725 3724 1787 3804 vi·
1859 3716 1904 3830 {a
1991 3821 1994 3838 Ι

251 3857 424 3963 dentur,
453 3861 509 3942 ita
539 3877 585 3940 ut
610 3881 678 3942 vas
707 3855 808 3942 illud
835 3861 1029 3982 lacteum,
1059 3855 1167 3959 quod
1193 3855 1393 3937 mercurio
1421 3855 1666 3960 impletum,
1690 3855 1790 3945 satis
1884 3831 1906 3940 ’,ἶ

250 3995 445 4100 crassum,
497 4001 547 4082 ab
591 4002 714 4083 altera
742 4017 853 4105 parte
893 4019 967 4103 per
1001 3997 1245 4104 pellucidam
1291 4001 1470 4080 tunicam
1511 4001 1698 4084 extimam
1717 4000 1790 4088 'acl
1924 3995 1967 4040 ‘⁸

248 4135 413 4220 modurn
445 4139 682 4224 distinctum
711 4141 947 4248 conspicere
981 4137 1220 4245 possumus,
1252 4137 1438 4242 suasuque
1463 4133 1600 4220 sedem
1632 4143 1676 4222 in
1701 4143 1785 4225 cel-

250 4273 381 4359 lulosa
410 4283 512 4360 inter
547 4283 649 4362 hrnc
677 4303 718 4364 et
740 4288 1003 4365 muscularern
1027 4285 1133 4365 clarc
1157 4277 1370 4382 monstrat,
1401 4282 1444 4362 in
1471 4281 1544 4362 hac
1574 4279 1793 4388 superficie·

248 4415 429 4500 fibrarum
467 4428 772 4525 nruscrrlariurn,
814 4423 856 4504 le
888 4448 997 4528 pone
1033 4447 1098 4506 eas
1131 4428 1186 4506 ita
1230 4419 1451 4522 recondat,
1501 4439 1547 4500 ut
1582 4422 1681 4504 nilil
1706 4421 1789 4510 nii

249 4559 352 4640 levis
390 4563 631 4640 -..nrlrr·..c·r:
681 4568 721 4646 in
764 4565 834 4643 hac
874 4566 993 4646 icon·
1034 4584 1246 4670 appareat,
1288 4561 1394 4642 unde
1429 4581 1561 4666 patet,
1606 4569 1785 4654 tunicam

250 4699 426 4778 intesir·
449 4727 478 4781 rr
494 4725 533 4780 tn
572 4709 832 4788 rustnlarenr
870 4709 996 4788 multo
1032 4706 1258 4788 crassiorem
1280 4701 1391 4805 osse,
1421 4725 1536 4804 quarn
1555 4704 1794 4806 extimam,

248 4834 358 4940 quod
382 4861 501 4922 otram
523 4869 559 4922 ur
584 4840 792 4928 fautione
816 4847 1001 4932 intestini
1030 4849 1265 4954 requiritur,
1297 4841 1516 4926 dum·haec
1541 4851 1674 4922 tunica
1697 4867 1792 4928 ‹rm-
