4764 6328
566 501 610 560 rv
950 467 1676 550 Pnoormruu.

563 728 641 808 vel.
662 746 762 828 quae
795 738 887 824 post
912 717 1097 800 morbum
1122 707 1396 820 praegressum
1430 710 1643 816 singulares
1674 731 1716 795 et
1740 720 1871 820 magni
1898 726 2095 803 momenti

563 943 605 1004 et
637 945 724 1004 raro
753 920 856 1005 visas
884 922 1126 1002 mutationes
1165 917 1209 993 in
1249 931 1487 1015 organorum
1519 911 1817 998 constnrctione
1853 913 2094 1018 monstrant,

564 1141 682 1226 atque
724 1122 826 1204 hanc
866 1119 919 1200 ob
952 1115 1107 1198 causam
1148 1109 1299 1193 summa
1346 1114 1574 1192 attentione
1629 1109 1747 1218 digna
1786 1116 1886 1197 mihi
1933 1139 2095 1220 quoque

561 1321 720 1427 semper
747 1318 829 1401 visa
856 1317 958 1400 sunt.
990 1317 1081 1426 Qua
1112 1325 1279 1417 propter
1305 1308 1476 1413 jamdiu
1501 1318 1543 1396 in
1569 1318 1746 1398 animum
1772 1313 1911 1398 induxi
1936 1337 2093 1418 earum,

558 1524 704 1624 additis
735 1522 944 1620 iconibus,
975 1517 1093 1620 paulo
1121 1515 1411 1595 accuratiorem
1436 1516 1752 1620 explicationem
1776 1519 1818 1596 in
1840 1519 1973 1598 lucem
1997 1515 2092 1596 ede-

558 1747 629 1823 re,
660 1723 818 1824 hocque
854 1717 1062 1800 consilium
1092 1677 1138 1797 ¹in
1171 1718 1385 1820 prooemio
1411 1715 1695 1825 descriptionis
1732 1717 1869 1804 Musei
1904 1741 1987 1799 non
2022 1741 2089 1798 ce-

558 1923 646 2004 lavi.

611 2123 678 2206 De
698 2125 888 2207 haevero
908 2147 950 2204 re
977 2121 1125 2206 deinde
1150 2120 1253 2204 serio
1280 2125 1462 2228 cogitans
1485 2143 1604 2229 atque
1629 2128 1763 2208 omnia
1776 2125 1910 2206 animo
1921 2143 2092 2228 perpen-

554 2325 678 2427 dens,
707 2347 808 2430 quae
839 2325 890 2406 ad
923 2348 1023 2430 opus
1055 2319 1133 2408 'tale
1168 2324 1386 2409 necessaria
1406 2329 1689 2431 requimntur,
1716 2327 1882 2432 putavi,
1911 2325 2089 2426 quamvis

552 2548 645 2608 cum
661 2523 829 2628 dolore,
845 2531 969 2609 tutius
991 2529 1090 2610 mihi
1106 2523 1198 2607 fore·
1213 2527 1260 2608 ab
1283 2529 1362 2609 hoc
1386 2528 1593 2634 proposrto
1618 2526 1832 2628 desrstere3
1861 2530 1965 2610 vires
1981 2528 2089 2608 eninr

552 2733 732 2833 corporis
751 2750 836 2810 non
854 2727 982 2812 solum
1006 2729 1116 2812 senio
1131 2747 1179 2826 ,et
1197 2729 1428 2812 valetudine
1450 2728 1568 2838 saepe
1598 2734 1730 2813 minus
1756 2746 1946 2832 prospera
1968 2721 2085 2802 afflic-

549 2943 785 3029 tas,verum
804 2933 924 3012 etiam
945 2935 1091 3013 mentis
1113 2955 1280 3014 acumen
1301 2937 1502 3017 minutum
1522 2931 1630 3015 srme
1658 2930 1803 3013 sentire
1831 2924 1986 3024 dicam,
2016 2943 2084 3001 ne-

550 3149 619 3208 mo
650 3125 760 3210 certe
802 3133 902 3234 erit,
944 3135 1014 3238 qui
1048 3156 1132 3214 non
1157 3159 1334 3218 verume
1362 3133 1533 3218 medici
1563 3129 1720 3230 credat3
1750 3125 1844 3210 dum
1879 3141 2085 3231 praetcrea

549 3323 596 3404 ad
628 3350 728 3434 opus
757 3331 837 3413 hoc
876 3334 982 3414 bene
1017 3335 1307 3424 absolvendum
1344 3345 1476 3445 magni
1512 3338 1662 3421 sumtus
1689 3331 2009 3436 requirebantur,
2044 3343 2084 3404 et

548 3531 807 3637 metuebam,
828 3560 879 3617 ne
904 3561 988 3619 non
1017 3545 1159 3624 melior
1181 3540 1261 3622 sors
1283 3543 1381 3625 mihi
1402 3543 1636 3637 obveniret,
1666 3555 1783 3637 quam
1807 3547 1907 3631 quae
1930 3521 2083 3605 summo

445 3695 447 3703 Α
546 3721 603 3806 sui
626 3736 820 3834 temporis
847 3741 1099 3841 anatomic0,
1123 3741 1281 3824 Bern.
1323 3740 1493 3848 Siegf
1501 3769 1529 3823 r.
1558 3737 1794 3833 Albino,
1822 3731 2014 3832 contigit,
2040 3727 2082 3802 in

548 3924 660 4028 cujus
686 3937 869 4032 querelae
901 3945 1136 4025 memoriam
1169 3945 1319 4047 redeo,
1358 3949 1497 4045 illum,
1528 3959 1573 4023 ut
1599 3935 1684 4040 ejus
1715 3932 1849 4017 verbis
1877 3945 1984 4028 utar,
2004 3937 2080 4030 pro

549 4119 682 4202 rrrultis
713 4123 887 4208 millibus
919 4137 1121 4217 nummum
1152 4131 1367 4245 redemisse.
1397 4137 1455 4221 (1)

591 4453 773 4540 (¹)0011f·
797 4455 921 4526 Bern.
946 4461 1116 4546 Siegsr.
1140 4463 1361 4546 Albinus,
1396 4459 1549 4533 Praelatio
1576 4459 1654 4528 Lib.
1679 4457 1703 4526 l.
1727 4453 1979 4526 Annotationum
2006 4449 2087 4514 Aca·

546 4573 745 4642 demiratum.
1625 4609 1628 4615 .
