4764 6328
518 439 1069 534 intercursus
1126 417 1503 538 Teucrus.
1764 481 1817 568 59

271 685 463 779 tanquan
485 661 625 757 fontes
651 665 1069 758 succi-intestinorum
1091 665 1341 790 snegnratici
1358 697 1578 784 agnoscere
1600 684 1816 789 potuerim.

270 811 410 922 objici
441 807 589 922 possit,
617 811 728 898 adest
750 811 904 922 semper
928 815 1061 919 liquot
1089 810 1278 900 mucosus
1308 818 1352 902 in
1381 821 1612 923 intestinis,
1642 839 1685 906 et
1709 826 1817 931 glan-

269 951 387 1040 dulae
419 949 510 1039 sunt
543 953 696 1062 ubique
727 933 1002 1062 promptuaria
1030 958 1167 1063 muci,
1207 956 1315 1042 uode
1349 981 1446 1066 ergo
1479 965 1548 1047 ille
1583 968 1627 1048 ln
1662 969 1818 1052 intesti-

268 1100 525 1202 nismucus,
556 1095 628 1182 nili
650 1095 860 1205 glandulae
878 1093 1037 1183 adsrnt?
1064 1098 1337 1206 Respondeo:
1381 1101 1541 1208 Liquor
1562 1106 1655 1209 ille,
1687 1109 1727 1188 in
1757 1113 1818 1192 in·

266 1233 425 1324 teatino
452 1233 646 1324 duodeno
682 1255 728 1322 et
766 1235 906 1344 jejtmo
932 1235 1144 1347 praesens,
1182 1261 1267 1324 non
1300 1238 1422 1330 verus
1454 1269 1596 1332 mutus
1627 1268 1715 1354 est,
1747 1248 1816 1335 scd

263 1381 431 1485 liquoris
469 1377 647 1465 arteriosr
686 1401 776 1488 pars
820 1377 977 1488 spisfior
1017 1377 1172 1464 reddito
1207 1380 1462 1491 absorptione
1502 1391 1725 1495 tenuioris,
1769 1393 1820 1477 ad

265 1543 385 1626 quarn
425 1516 708 1606 secemendam
733 1541 817 1606 non
849 1539 950 1628 opus
998 1539 1062 1606 est
1094 1543 1282 1629 apparatu
1323 1525 1616 1632 glandularum3
1671 1531 1816 1620 sufficit

264 1670 373 1750 enirn
407 1667 475 1749 hie
510 1669 644 1771 liquor
682 1663 731 1750 ad
769 1661 1057 1750 moderandum
1095 1668 1363 1750 nervulorum
1409 1669 1691 1776 senftlitatetn,
1743 1679 1814 1776 qni

263 1801 447 1914 spissiore
483 1825 609 1891 muco
645 1809 689 1891 in
724 1805 838 1892 hisce
880 1809 1061 1915 partibus
1097 1811 1217 1893 nimis
1253 1807 1534 1894 hebescerent.
1610 1813 1815 1898 Praeterea

104 2043 106 2048 ,
260 1955 303 2034 in
347 1951 421 2035 hac
465 1955 650 2036 intestini
690 1953 827 2037 tenuis
871 1971 985 2059 parte
1028 1971 1113 2033 non
1161 1952 1422 2035 continentur
1453 1972 1586 2058 partes
1625 1952 1810 2062 solidae,

260 2109 364 2197 qnae
400 2113 521 2178 muco
557 2089 711 2178 obduci
742 2087 917 2197 debent,
944 2095 1007 2178 uti
1039 2099 1083 2178 in
1113 2094 1315 2179 intestinis
1354 2095 1512 2200 crassrs,
1543 2121 1628 2181 non
1659 2097 1812 2204 solum,

257 2251 303 2318 ut
329 2233 483 2320 lubrica
512 2257 649 2322 earnm
680 2233 730 2320 srt
756 2237 907 2320 extima
942 2234 1200 2344 superficies,
1228 2258 1371 2320 verum
1407 2237 1612 2324 etiamne
1642 2237 1709 2326 sua
1739 2241 1811 2326 du·

260 2379 381 2482 titie,
411 2395 480 2465 out
501 2381 639 2484 mole,
665 2383 754 2464 vim
791 2375 989 2460 inferrent
1029 2379 1210 2462 internae
1244 2375 1469 2486 superficiei
1500 2381 1712 2488 intestini,
1744 2383 1812 2465 sed

256 2519 382 2606 liuida
417 2519 586 2625 blanda;
615 2521 761 2629 chylus
785 2541 859 2628 per
886 2523 994 2604 illam
1022 2520 1135 2624 fluit,
1167 2537 1210 2602 et
1238 2515 1363 2604 facile
1391 2521 1518 2606 liuere
1552 2519 1701 2627 debet,
1732 2549 1809 2608 nce

259 2663 422 2748 retineri
457 2667 598 2767 nimis,
628 2661 740 2771 quod
767 2661 885 2748 lieret
919 2667 1135 2772 praecipue
1161 2668 1204 2749 in
1227 2661 1391 2772 jeiuno,
1421 2667 1466 2748 in
1498 2687 1581 2770 quo
1606 2665 1700 2775 jugo
1724 2672 1807 2754 vnl-

253 2801 396 2892 vulosa
436 2808 493 2891 ita
532 2803 606 2894 fibi
654 2809 834 2892 invicem
880 2809 1231 2914 appropinquant,
1297 2823 1345 2889 ut
1388 2803 1516 2888 ferme
1555 2817 1676 2890 omne
1722 2807 1809 2916 spo·

254 2947 357 3034 tium
387 2951 590 3034 internum
614 2966 845 3055 occupent,
875 2949 918 3029 in
945 2965 1027 3053 quo
1056 2949 1175 3054 igitur
1197 2969 1339 3033 mutus
1362 2945 1599 3055 spissior,sr
1629 2951 1802 3047 accede-

252 3089 337 3197 r'et,
365 3089 573 3178 functioni
600 3093 771 3198 portium
798 3087 960 3172 obesset
997 3093 1140 3196 magis,
1170 3109 1286 3197 quam
1322 3086 1561 3195 prodesset3
1590 3109 1636 3177 ut
1664 3111 1801 3178 autern

251 3229 495 3319 sufficienter
527 3231 790 3338 smegmatico
823 3235 983 3336 liquore
1014 3229 1287 3318 obduceretur
1332 3235 1489 3317 interna
1525 3234 1666 3320 hatum
1710 3239 1799 3322 tubi

250 3371 494 3461 intestinalis
523 3379 699 3482 partium
727 3371 984 3482 superficies,
1040 3397 1124 3461 non
1163 3395 1266 3483 opus
1298 3395 1360 3459 est
1399 3375 1620 3483 glandulis3
1659 3381 1703 3460 in
1737 3381 1804 3464 his

250 3522 363 3602 enim
383 3531 531 3624 ‘magras
559 3519 681 3624 copis
709 3519 881 3623 liquoris
908 3515 1028 3601 serol's
1055 3535 1109 3601 ex
1140 3519 1340 3604 asteriolis
1372 3517 1623 3620 secernitur,
1653 3518 1722 3600 sed
1752 3521 1800 3603 ss-

249 3661 335 3743 rnul
370 3677 480 3742 tantu
518 3661 638 3767 copia
674 3663 934 3744 vasculorum
976 3651 1299 3760 murmurium,
1337 3675 1420 3740 tarn
1453 3657 1797 3764 lymphaticorum

250 3797 589 3906 tenuislirrrororn,
629 3818 749 3907 quarn
787 3803 1042 3906 lactentum,
1070 3799 1225 3908 semper
1257 3817 1418 3910 praesto
1458 3816 1550 3902 est,
1577 3819 1623 3884 ut
1648 3801 1794 3884 horum

248 3961 444 4051 perpetus
473 3945 637 4028 actione
672 3963 726 4030 ex
758 3947 914 4052 liqrrore
945 3947 1021 4030 illo
1051 3942 1247 4028 asteriolo
1284 3945 1447 4027 tenuior
1473 3959 1563 4046 pars
1594 3944 1796 4028 contiuuo

249 4079 476 4187 deleratur,
510 4103 747 4172 renrancnss¹
779 4083 988 4196 ipisliore,
1031 4091 1087 4172 ita
1116 4105 1161 4184 nt
1196 4087 1295 4170 lases
1321 4086 1461 4172 similis
1493 4080 1797 4188 qrtoiamnrorlo

244 4221 409 4310 tandem
438 4223 514 4311 fiat
533 4229 708 4335 liquori,
735 4233 781 4314 in
808 4225 1009 4340 glandulis
1030 4229 1257 4316 minoribus
1290 4223 1481 4326 secreto,
1506 4226 1796 4310 intestinorum

246 4369 354 4450 eninr
385 4367 534 4452 horum
562 4387 769 4456 mennam
803 4369 1057 4483 superficiem
1089 4389 1173 4458 tato
1198 4374 1411 4480 ingentem
1444 4387 1661 4452 numeroso
1686 4371 1790 4474 lyss-

243 4510 496 4616 phnticorum
525 4509 712 4599 vasorum
748 4519 1010 4622 tenuiomrn,
1038 4533 1195 4626 meter
1222 4515 1351 4596 lmen
1377 4507 1551 4616 majora,
1581 4523 1791 4616 tegentem

242 4647 539 4758 aruspicinam
579 4673 625 4738 us
665 4659 738 4740 viz
770 4662 981 4746 luooooloe
1014 4663 1133 4769 apice
1166 4657 1302 4742 locum
1336 4655 1523 4736 invenire
1561 4649 1787 4756 possimos,

240 4793 284 4876 in
326 4817 409 4898 quo
454 4817 539 4877 non
585 4805 798 4892 vasculum
851 4783 1145 4912 lymplnticnm
1207 4787 1579 4912 deprehendamus3
1645 4809 1687 4874 et
1731 4797 1787 4892 isa

1401 4955 1403 4960 ·
1446 4933 1549 5038 8,,
