4764 6328
625 431 706 517 ‘50
902 400 1954 522 lcouunrAraarontrcaaupr

622 627 835 748 ⁴cellulolb
863 629 1111 732 cohaerent,
1140 627 1355 731 componi;
1384 619 1597 710 diversitas
1621 643 1865 738 autemnon
1886 632 2031 732 exigua
2048 630 2099 712 in·
2112 630 2185 752 ..dii

647 774 833 860 omnibus
871 769 1118 880 diligentiori
1154 767 1393 875 fingulorum
1428 767 1614 850 examine
1640 765 1818 874 patebit,
1845 771 1980 876 prouti
2009 763 2182 884 supetiof

644 933 756 1016 rem,
786 911 980 1018 mediam,
1003 931 1071 998 ant
1092 908 1329 996 inferiorern
1354 905 1499 988 canalia
1527 923 1683 1012 partem
1707 911 1993 995 examinamus.
2166 995 2171 1013 ,

701 1056 862 1140 Praeter
882 1057 1000 1142 satum
1028 1052 1252 1155 diversum,
1280 1071 1404 1156 quem
1418 1047 1568 1154 singula
1590 1049 1739 1134 habent
1755 1053 1971 1156 intestina,
2001 1070 2069 1136 aut
2094 1056 2176 1138 lon·

643 1196 867 1306 gitudinern
893 1198 1112 1304 diversam,
1149 1219 1172 1278 a
1200 1193 1344 1300 quibus
1379 1193 1543 1273 nomina
1569 1185 1633 1274 sua
1658 1211 1773 1275 nacta
1798 1190 1911 1297 sunt,
1937 1191 2173 1302 dmdemrm,

632 1331 816 1436 sesanam
844 1356 961 1442 atque
986 1333 1123 1439 ileum,
1157 1337 1278 1419 etiam
1307 1327 1522 1428 structurae
1546 1328 1750 1418 diverfitas
1784 1353 1837 1415 ex
1868 1339 2175 1446 contemplatio·

641 1499 692 1558 ne
718 1481 996 1564 nonnullarum
1023 1482 1188 1562 iconum
1215 1489 1342 1580 patet.
2166 1583 2171 1590 Ι

694 1619 846 1702 Tabula
876 1620 976 1704 haec
1002 1646 1046 1706 nr
1079 1636 1235 1728 partem
1267 1616 1463 1722 proponit
1500 1611 1736 1700 inferiorem
1756 1619 1943 1702 ¹intestini
1964 1616 2176 1726 duodeni,

593 1853 595 1858 ,
635 1775 735 1866 port
754 1757 940 1844 vasorum
967 1785 1053 1844 non
1071 1756 1279 1842 infelicem
1309 1759 1590 1862 impletionem
1619 1762 1675 1842 ita
1695 1777 1990 1868 praeparatam,
2017 1779 2065 1843 ut
2098 1768 2175 1870 pri·

637 1925 706 1984 rno
732 1901 1027 2018 intuitu-simul
1051 1897 1304 2007 superficiem
1333 1896 1420 2004 eius
1454 1918 1658 1987 externam
1686 1915 1729 1982 et
1760 1901 1963 1984 internam
1993 1919 2177 1988 contem·

634 2042 734 2145 plari
771 2040 986 2146 possamus,
1034 2040 1217 2145 adeoque
1242 2058 1415 2145 quatuor
1441 2043 1692 2146 tunicarum,
1736 2042 1880 2148 quibus
1905 2043 2173 2150 compostum

638 2198 724 2286 est,
753 2179 873 2282 duas,
902 2179 1058 2268 scilicet
1085 2185 1327 2266 exteriorem
1353 2198 1397 2266 et
1421 2185 1625 2287 intimam,
1649 2205 1822 2289 quarum
1842 2181 2065 2286 naturalrac
2088 2189 2174 2269 ico·

635 2343 688 2404 ne
710 2318 802 2404 satir
828 2322 933 2404 clare
952 2321 1133 2426 expressa
1152 2340 1240 2422 est3
1267 2341 1495 2429 comparata
1513 2347 1614 2410 vero
1641 2347 1737 2412 curn
1758 2347 1831 2430 ca,
1860 2345 1964 2430 quae
1988 2322 2172 2432 sequenti

486 2541 492 2550 .
635 2463 768 2545 tabula
793 2461 1078 2570 conspicienda
1095 2482 1235 2569 erun-t,
1257 2468 1441 2550 omnium
1456 2469 1702 2569 tunicamm‚
1721 2465 1807 2549 hoc
1821 2467 2060 2552 iantoatinum
2075 2489 2172 2554 cuo·

634 2599 904 2711 stituentium‚
939 2607 1213 2711 cognitionem
1239 2602 1331 2688 satia
1363 2623 1543 2690 exactam
1558 2607 1803 2714 praebebit.
1876 2605 2068 2713 Superior
2098 2610 2173 2717 oluff

631 2744 733 2853 jacti
757 2769 848 2853 para
870 2747 1058 2830 extimam
1085 2751 1263 2834 tumicam
1292 2745 1396 2858 visui
1423 2746 1566 2851 offert,
1595 2769 1697 2854 quae
1724 2745 1894 2854 simplex
1920 2744 2087 2851 quidem
2103 2767 2169 2834 eat

631 2885 879 2998 membrana,
901 2885 1095 2992 producta
1118 2912 1141 2972 a
1161 2892 1464 2973 continuatione
1483 2893 1711 2998 peritonei,
1738 2893 1783 2974 in
1803 2911 1881 2994 qua
1900 2903 2034 2972 tamen
2051 2893 2172 2977 edam

631 3025 843 3113 artificium
877 3029 1080 3118 creatoris
1110 3036 1241 3116 mirari
1271 3029 1511 3137 possumus,
1548 3054 1672 3136 quum
1705 3051 1919 3150 numerum
1961 3029 2168 3136 ingentem

630 3173 886 3254 vasculorum
922 3171 1240 3256 tenuissimorum
1277 3177 1323 3258 iu
1365 3195 1413 3257 ea
1455 3176 1808 3281 contemplemur,
1864 3172 2010 3278 quibua
2043 3179 2169 3258 num·

632 3328 698 3396 tur
717 3309 800 3419 ipsa
820 3337 905 3398 non
925 3331 1104 3416 tanturm,
1131 3337 1274 3400 verum
1296 3317 1416 3400 etiam
1438 3315 1657 3400 secernitur
1676 3317 1874 3398 continuo
1897 3315 2055 3417 liquor,
2085 3335 2168 3420 quo

631 3451 790 3561 semper
818 3459 904 3538 tota
928 3453 1160 3563 superficies
1190 3455 1353 3560 madet;
1377 3459 1524 3542 lrorum
1546 3460 1806 3545 vasculorum
1823 3456 1989 3558 ramuli,
2014 3454 2083 3540 hic
2120 3475 2166 3539 ct

630 3596 715 3679 illic
747 3621 823 3704 per
859 3599 1129 3682 membranam
1162 3597 1349 3706 disperii,
1378 3621 1465 3684 tum
1483 3601 1632 3714 colore
1659 3599 1804 3701 rubro,
1831 3615 1919 3680 atim
1941 3595 2167 3698 coeruleo,

629 3738 794 3842 impleti
822 3737 1148 3845 conspicientiam
1183 3739 1283 3824 haec
1322 3760 1457 3826 autem
1488 3743 1714 3826 membrana
1738 3742 1889 3823 antima
1917 3735 1993 3820 libi
2018 3734 2162 3820 adhue»

627 3854 786 3994 rentem
821 3899 864 3964 et
891 3881 1164 3989 subjacentem
1197 3885 1361 3969 alteram
1387 3889 1566 3970 tunicam
1600 3883 1862 3966 mnsoularem
1895 3875 2038 3981 habet,
2071 3899 2166 3960 curn

629 4041 709 4124 qua
738 4020 910 4105 simula
945 4023 1358 4130 maculoso-nemea,
1388 4029 1470 4112 live
1503 4023 1715 4128 cellulosa,
1745 4020 1920 4128 separata
1944 4037 1990 4102 ot
2013 4015 2159 4102 sursum

630 4159 778 4242 reflexa
807 4179 891 4264 est,
932 4160 1129 4267 cujusque
1159 4163 1280 4250 fibrae
1311 4167 1622 4274 longintdinalea
1658 4165 1864 4246 tenuiores
1889 4177 1934 4240 et
1964 4177 2164 4242 manaver-

630 4295 889 4406 mesnagis
933 4301 1144 4388 distinctae
1178 4332 1254 4414 per
1291 4313 1569 4417 pellucentem
1598 4309 1787 4391 extimam
1826 4299 2162 4407 conspiciamur,

628 4435 724 4519 dum
745 4437 860 4522 simul
881 4461 1068 4548 apparet,
1097 4449 1319 4552 quomodo
1344 4471 1512 4536 truncus
1533 4449 1696 4556 insignis
1718 4443 2155 4544 valorumlactoorum,

629 4581 829 4664 mercurio
855 4585 1066 4691 impletus,
1087 4610 1137 4672 ex
1165 4591 1299 4676 medio
1317 4579 1497 4700 intestini
1518 4611 1630 4698 parte
1649 4590 1925 4698 ,proemium
1951 4587 2064 4667 inter
2084 4583 2162 4665 bar

623 4721 777 4807 tunicas
814 4743 1030 4813 contentus
1063 4727 1263 4840 decurrit,
1291 4757 1348 4819 -ea
1378 4733 1643 4838 directione,
1668 4750 1722 4816 ut
1751 4722 1984 4812 cremando
2016 4718 2161 4806 sensim
