4778 6330
496 435 609 530 'vr
982 438 1698 522 Paoozuron.

569 683 880 780 Delineationes
927 692 1047 794 igitur
1092 669 1298 784 utriusque
1341 689 1496 789 generis
1546 691 1719 793 partium
1767 685 2101 774 dexterrimorum

566 893 761 976 artificum
790 911 870 994 ope
894 884 1084 992 parandas
1117 887 1276 982 curavi3
1304 883 1354 965 ad
1386 907 1552 988 quarum
1586 893 1773 995 exempla

619 1089 757 1172 Primo
782 1099 945 1192 icones,
976 1110 1089 1194 quae·
1106 1088 1290 1192 corporis
1315 1087 1473 1170 humani
1504 1094 1674 1194 partium
1698 1088 1950 1176 subtiliorem
1980 1092 2099 1176 fabri·

565 1297 881 1400 conspectant,
920 1297 1027 1376 vivis
1066 1290 1299 1392 coloribus,
1340 1313 1429 1372 aere
1466 1291 1689 1396 expressas,
1730 1293 1924 1375 exhibere
1951 1289 2095 1394 statui,

565 1520 709 1599 casque
744 1493 1012 1599 descriptione
1042 1495 1161 1598 paulo
1186 1496 1404 1596 ampliore,
1435 1493 1577 1579 additis
1611 1497 1815 1578 nonnullis
1848 1495 2099 1580 animadver-

563 1698 692 1779 srobus
721 1702 763 1778 in
793 1693 1071 1800 Physrologiae
1101 1699 1321 1780 utilitatem
1347 1698 1575 1801 explicare,
1609 1699 1754 1802 quibus

616 1893 787 1976 Secundo
835 1892 1050 2000 adiungere
1101 1918 1184 1976 non
1231 1902 1496 2004 incongruum
1541 1899 1637 1984 duxi
1683 1901 1985 1986 observationes
2025 1925 2093 2007 pa-

558 2102 777 2204 thologicas
807 2104 1002 2202 partium,
1033 2122 1195 2202 quarum
1229 2096 1371 2182 statum
1408 2107 1624 2185 naturalem
1661 2098 1842 2182 morbosa
1879 2097 2093 2204 degenera-

558 2303 669 2378 tione
702 2320 794 2380 cum
824 2295 986 2380 funesto
1012 2317 1162 2381 eventu
1195 2273 1313 2404 quarn
1345 2307 1516 2386 maxime
1557 2320 1755 2388 mutatum
1785 2305 2092 2384 inexaminatis

560 2499 815 2586 cadaveribus
846 2509 1011 2608 inveni,
1042 2503 1137 2589 dum
1165 2505 1326 2590 tandem

616 2700 743 2785 Tertio
781 2726 930 2814 operae
973 2707 1094 2788 etiarn
1130 2705 1220 2788 satis
1267 2710 1438 2814 pretium
1478 2708 1568 2792 fore
1605 2708 1718 2810 duxi,
1766 2731 1831 2789 eas
1872 2723 2003 2811 partes
2046 2725 2096 2783 ex

555 2912 781 2989 animalium
812 2906 975 2992 diversrs
997 2910 1181 2991 classibus
1204 2859 1436 2992 nitidissrme
1469 2911 1651 3016 depictas
1690 2904 1861 3007 addere,
1892 2927 1986 3008 quas
2013 2919 2094 2984 arte
2137 2928 2139 2932 ¹

555 3107 908 3192 Ruischiana
947 3114 1068 3192 etiarn
1104 3110 1339 3194 felicissimo
1382 3137 1475 3196 curn
1509 3109 1692 3194 successu
1731 3131 1801 3211 per
1841 3103 2093 3186 subtiliorum

555 3315 812 3393 vasculorum
847 3335 926 3416 ope
965 3317 1149 3394 materiae
1198 3318 1401 3397 coloratae
1438 3317 1720 3418 impletionem
1751 3310 2007 3414 praeparavi,
2053 3320 2096 3382 et

548 3536 714 3616 quarum
740 3517 1030 3617 contemplatio
1062 3517 1278 3596 utilitatem
1310 3537 1402 3595 cum
1430 3511 1685 3619 jucunditate
1719 3503 1993 3616 spectantibus
2033 3499 2095 3581 of·

554 3713 657 3797 serre
694 3715 808 3799 solet.

608 3917 680 3998 Ne
723 3922 967 4001 autem-hoc
1000 3942 1102 4021 opus
1139 3921 1344 4000 volumine
1388 3923 1557 3998 nimium
1593 3929 1809 4010 cresceret,
1855 3927 1922 3990 aut
1959 3910 2092 4011 pretio

556 4121 682 4198 nimio
728 4115 869 4218 staret,
914 4118 943 4200 sr
979 4120 1114 4198 omnia
1155 4117 1329 4197 collecta
1369 4117 1484 4198 simul
1529 4113 1848 4220 producerentur
1881 4114 1924 4190 in
1960 4106 2090 4211 publi·

553 4342 670 4416 curn,
700 4318 824 4400 tutius
852 4315 967 4423 drrxi,
994 4323 1114 4401 etiam
1151 4324 1334 4426 exempla
1361 4325 1527 4402 aliorum
1554 4317 1747 4398 Virorum
1779 4311 2093 4393 Clarissimorum

549 4517 671 4624 sequi
710 4539 757 4618 ¹et
800 4540 932 4608 totum
970 4544 1071 4629 opus
1107 4527 1149 4605 ln
1180 4527 1330 4626 aliquot
1361 4522 1578 4616 fasciculos
1611 4513 1794 4597 dividere
1835 4515 2090 4615 pretiumque
