<?xml version="1.0" encoding="UTF-8"?>
<!DOCTYPE html PUBLIC "-//W3C//DTD XHTML 1.0 Transitional//EN"
    "http://www.w3.org/TR/xhtml1/DTD/xhtml1-transitional.dtd">
<html xmlns="http://www.w3.org/1999/xhtml" xml:lang="en" lang="en">
 <head>
  <title>
</title>
<meta http-equiv="Content-Type" content="text/html;charset=utf-8" />
  <meta name='ocr-system' content='tesseract 3.04.00' />
  <meta name='ocr-capabilities' content='ocr_page ocr_carea ocr_par ocr_line ocrx_word'/>
</head>
<body>
  <div class='ocr_page' id='page_1' title='image "./iconesanatomico00bleugoog_0102.png"; bbox 0 0 4728 6338; ppageno 0'>
   <div class='ocr_carea' id='block_1_1' title="bbox 497 491 1775 628">
    <p class='ocr_par' dir='ltr' id='par_1_1' title="bbox 497 491 1775 628">
     <span class='ocr_line' id='line_1_1' title="bbox 497 491 1775 628; baseline -0.007 -38"><span class='ocrx_word' id='word_1_1' title='bbox 497 503 1011 627; x_wconf 64' lang='lat' dir='ltr'>Patarea-&#39;aee</span> <span class='ocrx_word' id='word_1_2' title='bbox 1068 491 1471 614; x_wconf 67' lang='lat' dir='ltr'>Quantus.</span> <span class='ocrx_word' id='word_1_3' title='bbox 1583 601 1640 628; x_wconf 80' lang='lat'>·.</span> <span class='ocrx_word' id='word_1_4' title='bbox 1725 501 1775 581; x_wconf 63' lang='lat' dir='ltr'>tt</span> 
     </span>
    </p>
   </div>
   <div class='ocr_carea' id='block_1_2' title="bbox 632 999 1347 1089">
    <p class='ocr_par' dir='ltr' id='par_1_2' title="bbox 632 999 1347 1089">
     <span class='ocr_line' id='line_1_2' title="bbox 632 999 1347 1089; baseline -0.006 0"><span class='ocrx_word' id='word_1_5' title='bbox 632 999 1173 1089; x_wconf 65' lang='lat' dir='ltr'>‘TABUL&#39;A</span> <span class='ocrx_word' id='word_1_6' title='bbox 1257 1001 1347 1086; x_wconf 84' lang='lat' dir='ltr'>XX.</span> 
     </span>
    </p>
   </div>
   <div class='ocr_carea' id='block_1_3' title="bbox 318 1383 1706 1491">
    <p class='ocr_par' dir='ltr' id='par_1_3' title="bbox 318 1383 1706 1491">
     <span class='ocr_line' id='line_1_3' title="bbox 318 1383 1706 1491; baseline -0.006 0"><span class='ocrx_word' id='word_1_7' title='bbox 318 1401 400 1491; x_wconf 85' lang='lat' dir='ltr'>IN</span> <span class='ocrx_word' id='word_1_8' title='bbox 402 1397 675 1490; x_wconf 69' lang='lat' dir='ltr'>naletam</span> <span class='ocrx_word' id='word_1_9' title='bbox 717 1393 907 1482; x_wconf 70' lang='lat' dir='ltr'>collo!</span> <span class='ocrx_word' id='word_1_10' title='bbox 936 1383 1205 1482; x_wconf 66' lang='lat' dir='ltr'>lentam</span> <span class='ocrx_word' id='word_1_11' title='bbox 1246 1392 1706 1484; x_wconf 62' lang='lat' dir='ltr'>evenientem&amp;</span> 
     </span>
    </p>
   </div>
   <div class='ocr_carea' id='block_1_4' title="bbox 238 1796 1783 1966">
    <p class='ocr_par' dir='ltr' id='par_1_4' title="bbox 238 1796 1783 1966">
     <span class='ocr_line' id='line_1_4' title="bbox 238 1796 1783 1966; baseline -0.003 -22"><span class='ocrx_word' id='word_1_12' title='bbox 238 1887 244 1898; x_wconf 93' lang='lat'><em>·</em></span> <span class='ocrx_word' id='word_1_13' title='bbox 296 1796 451 1944; x_wconf 81' lang='lat' dir='ltr'>Haec</span> <span class='ocrx_word' id='word_1_14' title='bbox 486 1853 639 1940; x_wconf 88' lang='lat' dir='ltr'>Tabula</span> <span class='ocrx_word' id='word_1_15' title='bbox 669 1851 847 1938; x_wconf 76' lang='lat' dir='ltr'>ostendit</span> <span class='ocrx_word' id='word_1_16' title='bbox 879 1875 954 1959; x_wconf 76' lang='lat' dir='ltr'>pto</span> <span class='ocrx_word' id='word_1_17' title='bbox 991 1856 1159 1938; x_wconf 83' lang='lat' dir='ltr'>martima</span> <span class='ocrx_word' id='word_1_18' title='bbox 1187 1873 1301 1958; x_wconf 85' lang='lat' dir='ltr'>parte</span> <span class='ocrx_word' id='word_1_19' title='bbox 1343 1858 1587 1966; x_wconf 81' lang='lat' dir='ltr'>exteriorem</span> <span class='ocrx_word' id='word_1_20' title='bbox 1617 1849 1783 1962; x_wconf 71' lang='lat' dir='ltr'>superfi-</span> 
     </span>
    </p>
   </div>
   <div class='ocr_carea' id='block_1_5' title="bbox 241 1991 1926 2108">
    <p class='ocr_par' dir='ltr' id='par_1_5' title="bbox 241 1991 1926 2108">
     <span class='ocr_line' id='line_1_5' title="bbox 241 1991 1926 2108; baseline -0.001 -29"><span class='ocrx_word' id='word_1_21' title='bbox 241 2003 346 2082; x_wconf 85' lang='lat' dir='ltr'>ciem</span> <span class='ocrx_word' id='word_1_22' title='bbox 366 2003 519 2108; x_wconf 82' lang='lat' dir='ltr'>primae</span> <span class='ocrx_word' id='word_1_23' title='bbox 538 2000 664 2107; x_wconf 82' lang='lat' dir='ltr'>partis</span> <span class='ocrx_word' id='word_1_24' title='bbox 690 1998 871 2080; x_wconf 84' lang='lat' dir='ltr'>intestini</span> <span class='ocrx_word' id='word_1_25' title='bbox 897 1992 1037 2094; x_wconf 87' lang='lat' dir='ltr'>ctassr;</span> <span class='ocrx_word' id='word_1_26' title='bbox 1063 2015 1139 2100; x_wconf 89' lang='lat' dir='ltr'>per</span> <span class='ocrx_word' id='word_1_27' title='bbox 1159 1992 1457 2102; x_wconf 83' lang='lat' dir='ltr'><strong>longitudinem</strong></span> <span class='ocrx_word' id='word_1_28' title='bbox 1478 2011 1612 2081; x_wconf 87' lang='lat' dir='ltr'>autem</span> <span class='ocrx_word' id='word_1_29' title='bbox 1639 1991 1778 2080; x_wconf 85' lang='lat' dir='ltr'>discis·</span> <span class='ocrx_word' id='word_1_30' title='bbox 1922 2035 1926 2046; x_wconf 38' lang='grc' dir='ltr'><em>ι</em></span> 
     </span>
    </p>
   </div>
   <div class='ocr_carea' id='block_1_6' title="bbox 151 2131 1787 3655">
    <p class='ocr_par' dir='ltr' id='par_1_6' title="bbox 151 2131 1779 2386">
     <span class='ocr_line' id='line_1_6' title="bbox 236 2131 1778 2242; baseline -0.003 -24"><span class='ocrx_word' id='word_1_31' title='bbox 236 2135 515 2223; x_wconf 68' lang='lat' dir='ltr'>&lt;timenter</span> <span class='ocrx_word' id='word_1_32' title='bbox 560 2137 825 2242; x_wconf 82' lang='lat' dir='ltr'>explicatum</span> <span class='ocrx_word' id='word_1_33' title='bbox 846 2136 890 2219; x_wconf 92' lang='lat' dir='ltr'>in</span> <span class='ocrx_word' id='word_1_34' title='bbox 924 2131 1207 2238; x_wconf 82' lang='lat' dir='ltr'>latitudinem,</span> <span class='ocrx_word' id='word_1_35' title='bbox 1256 2131 1366 2218; x_wconf 86' lang='lat' dir='ltr'>unde</span> <span class='ocrx_word' id='word_1_36' title='bbox 1411 2131 1563 2218; x_wconf 80' lang='lat' dir='ltr'>iactum</span> <span class='ocrx_word' id='word_1_37' title='bbox 1601 2151 1691 2237; x_wconf 84' lang='lat' dir='ltr'>est,</span> <span class='ocrx_word' id='word_1_38' title='bbox 1731 2151 1778 2218; x_wconf 87' lang='lat' dir='ltr'>ut</span> 
     </span>
     <span class='ocr_line' id='line_1_7' title="bbox 151 2273 1779 2386; baseline 0.001 -28"><span class='ocrx_word' id='word_1_39' title='bbox 151 2301 153 2308; x_wconf 91' lang='lat'>·</span> <span class='ocrx_word' id='word_1_40' title='bbox 235 2280 361 2361; x_wconf 72' lang='lat' dir='ltr'>vetiarn</span> <span class='ocrx_word' id='word_1_41' title='bbox 382 2300 480 2386; x_wconf 44' lang='lat' dir='ltr'>wpret</span> <span class='ocrx_word' id='word_1_42' title='bbox 516 2295 630 2386; x_wconf 85' lang='lat' dir='ltr'>parte</span> <span class='ocrx_word' id='word_1_43' title='bbox 669 2279 809 2365; x_wconf 88' lang='lat' dir='ltr'>intima</span> <span class='ocrx_word' id='word_1_44' title='bbox 859 2273 1085 2380; x_wconf 83' lang='lat' dir='ltr'>superficies</span> <span class='ocrx_word' id='word_1_45' title='bbox 1131 2277 1175 2358; x_wconf 90' lang='lat' dir='ltr'>in</span> <span class='ocrx_word' id='word_1_46' title='bbox 1222 2278 1366 2358; x_wconf 83' lang='lat' dir='ltr'>oculos</span> <span class='ocrx_word' id='word_1_47' title='bbox 1417 2277 1620 2377; x_wconf 89' lang='lat' dir='ltr'>incurrat;</span> <span class='ocrx_word' id='word_1_48' title='bbox 1662 2297 1779 2381; x_wconf 87' lang='lat' dir='ltr'>quam</span> 
     </span>
    </p>

    <p class='ocr_par' dir='ltr' id='par_1_7' title="bbox 206 2413 1602 2526">
     <span class='ocr_line' id='line_1_8' title="bbox 206 2413 1602 2526; baseline 0 -26"><span class='ocrx_word' id='word_1_49' title='bbox 206 2439 336 2500; x_wconf 73' lang='lat' dir='ltr'>-vero</span> <span class='ocrx_word' id='word_1_50' title='bbox 361 2423 556 2526; x_wconf 81' lang='lat' dir='ltr'>integram</span> <span class='ocrx_word' id='word_1_51' title='bbox 586 2417 780 2524; x_wconf 80' lang='lat' dir='ltr'>sequente</span> <span class='ocrx_word' id='word_1_52' title='bbox 813 2417 947 2501; x_wconf 88' lang='lat' dir='ltr'>tabula</span> <span class='ocrx_word' id='word_1_53' title='bbox 978 2413 1259 2523; x_wconf 85' lang='lat' dir='ltr'>conspiciendi</span> <span class='ocrx_word' id='word_1_54' title='bbox 1291 2419 1409 2500; x_wconf 87' lang='lat' dir='ltr'>locus</span> <span class='ocrx_word' id='word_1_55' title='bbox 1436 2415 1602 2500; x_wconf 88' lang='lat' dir='ltr'>dabitur.</span> 
     </span>
    </p>

    <p class='ocr_par' dir='ltr' id='par_1_8' title="bbox 234 2553 1775 2814">
     <span class='ocr_line' id='line_1_9' title="bbox 294 2553 1775 2672; baseline -0.001 -28"><span class='ocrx_word' id='word_1_56' title='bbox 294 2557 422 2672; x_wconf 84' lang='lat' dir='ltr'>Quod</span> <span class='ocrx_word' id='word_1_57' title='bbox 450 2565 596 2646; x_wconf 80' lang='lat' dir='ltr'>attinet</span> <span class='ocrx_word' id='word_1_58' title='bbox 620 2559 670 2642; x_wconf 90' lang='lat' dir='ltr'>ad</span> <span class='ocrx_word' id='word_1_59' title='bbox 696 2561 885 2645; x_wconf 74' lang='lat' dir='ltr'>extimam</span> <span class='ocrx_word' id='word_1_60' title='bbox 914 2554 1202 2667; x_wconf 77' lang='lat' dir='ltr'>superficiem,</span> <span class='ocrx_word' id='word_1_61' title='bbox 1233 2560 1333 2641; x_wconf 90' lang='lat' dir='ltr'>haec</span> <span class='ocrx_word' id='word_1_62' title='bbox 1367 2553 1535 2663; x_wconf 90' lang='lat' dir='ltr'>quidem</span> <span class='ocrx_word' id='word_1_63' title='bbox 1559 2561 1775 2665; x_wconf 78' lang='lat' dir='ltr'>praecipue</span> 
     </span>
     <span class='ocr_line' id='line_1_10' title="bbox 234 2695 1185 2814; baseline -0.003 -27"><span class='ocrx_word' id='word_1_64' title='bbox 234 2695 414 2787; x_wconf 74' lang='lat' dir='ltr'>nnmnda</span> <span class='ocrx_word' id='word_1_65' title='bbox 440 2698 543 2788; x_wconf 87' lang='lat' dir='ltr'>sunt</span> <span class='ocrx_word' id='word_1_66' title='bbox 950 2809 955 2814; x_wconf 20' lang='grc' dir='ltr'>Ι</span> <span class='ocrx_word' id='word_1_67' title='bbox 1183 2759 1185 2763; x_wconf 89' lang='grc'>-</span> 
     </span>
    </p>

    <p class='ocr_par' dir='ltr' id='par_1_9' title="bbox 230 2839 1787 3655">
     <span class='ocr_line' id='line_1_11' title="bbox 292 2839 1780 2952; baseline 0.003 -26"><span class='ocrx_word' id='word_1_68' title='bbox 292 2840 465 2952; x_wconf 81' lang='lat' dir='ltr'>&#39;regitur</span> <span class='ocrx_word' id='word_1_69' title='bbox 495 2865 572 2951; x_wconf 87' lang='lat' dir='ltr'>pro</span> <span class='ocrx_word' id='word_1_70' title='bbox 606 2861 721 2952; x_wconf 82' lang='lat' dir='ltr'>parte</span> <span class='ocrx_word' id='word_1_71' title='bbox 754 2843 947 2950; x_wconf 77' lang='lat' dir='ltr'>portione</span> <span class='ocrx_word' id='word_1_72' title='bbox 981 2839 1141 2927; x_wconf 83' lang='lat' dir='ltr'>abscisfi</span> <span class='ocrx_word' id='word_1_73' title='bbox 1177 2845 1362 2929; x_wconf 82' lang='lat' dir='ltr'>intestini</span> <span class='ocrx_word' id='word_1_74' title='bbox 1406 2847 1498 2949; x_wconf 84' lang='lat' dir='ltr'>ilei,</span> <span class='ocrx_word' id='word_1_75' title='bbox 1540 2845 1652 2952; x_wconf 86' lang='lat' dir='ltr'>quod</span> <span class='ocrx_word' id='word_1_76' title='bbox 1684 2847 1780 2930; x_wconf 77' lang='lat' dir='ltr'>hnic</span> 
     </span>
     <span class='ocr_line' id='line_1_12' title="bbox 230 2957 1784 3093; baseline 0.001 -27"><span class='ocrx_word' id='word_1_77' title='bbox 230 2982 456 3070; x_wconf 47' lang='lat' dir='ltr'>&#39;emiorum</span> <span class='ocrx_word' id='word_1_78' title='bbox 486 2987 624 3093; x_wconf 80' lang='lat' dir='ltr'>ptimo</span> <span class='ocrx_word' id='word_1_79' title='bbox 651 2979 863 3085; x_wconf 87' lang='lat' dir='ltr'>inseritur,</span> <span class='ocrx_word' id='word_1_80' title='bbox 917 2999 964 3064; x_wconf 89' lang='lat' dir='ltr'>ut</span> <span class='ocrx_word' id='word_1_81' title='bbox 980 3053 982 3058; x_wconf 71' lang='grc'>,</span> <span class='ocrx_word' id='word_1_82' title='bbox 1001 3001 1046 3066; x_wconf 89' lang='lat' dir='ltr'>ct</span> <span class='ocrx_word' id='word_1_83' title='bbox 1084 2984 1276 3089; x_wconf 81' lang='lat' dir='ltr'>processu</span> <span class='ocrx_word' id='word_1_84' title='bbox 1313 2957 1596 3091; x_wconf 50' lang='lat' dir='ltr'>‘vermiformss</span> <span class='ocrx_word' id='word_1_85' title='bbox 1621 2990 1708 3092; x_wconf 86' lang='lat' dir='ltr'>&#39;qui</span> <span class='ocrx_word' id='word_1_86' title='bbox 1739 2993 1784 3071; x_wconf 90' lang='lat' dir='ltr'>in</span> 
     </span>
     <span class='ocr_line' id='line_1_13' title="bbox 230 3121 1785 3234; baseline 0 -22"><span class='ocrx_word' id='word_1_87' title='bbox 230 3126 320 3212; x_wconf 83' lang='lat' dir='ltr'>itae</span> <span class='ocrx_word' id='word_1_88' title='bbox 348 3122 570 3234; x_wconf 80' lang='lat' dir='ltr'>specimine</span> <span class='ocrx_word' id='word_1_89' title='bbox 599 3121 720 3209; x_wconf 88' lang='lat' dir='ltr'>solito</span> <span class='ocrx_word' id='word_1_90' title='bbox 754 3125 925 3230; x_wconf 86' lang='lat' dir='ltr'>amplior</span> <span class='ocrx_word' id='word_1_91' title='bbox 947 3141 1043 3226; x_wconf 64' lang='lat' dir='ltr'>eata</span> <span class='ocrx_word' id='word_1_92' title='bbox 1062 3125 1139 3220; x_wconf 79' lang='lat' dir='ltr'>hae</span> <span class='ocrx_word' id='word_1_93' title='bbox 1166 3143 1330 3234; x_wconf 85' lang='lat' dir='ltr'>partes,</span> <span class='ocrx_word' id='word_1_94' title='bbox 1359 3124 1426 3210; x_wconf 88' lang='lat' dir='ltr'>sua</span> <span class='ocrx_word' id='word_1_95' title='bbox 1459 3132 1600 3212; x_wconf 88' lang='lat' dir='ltr'>tunica</span> <span class='ocrx_word' id='word_1_96' title='bbox 1636 3130 1785 3212; x_wconf 78' lang='lat' dir='ltr'>extinaa</span> 
     </span>
     <span class='ocr_line' id='line_1_14' title="bbox 235 3260 1780 3375; baseline 0.005 -28"><span class='ocrx_word' id='word_1_97' title='bbox 235 3263 424 3370; x_wconf 88' lang='lat' dir='ltr'>cinctae,</span> <span class='ocrx_word' id='word_1_98' title='bbox 478 3260 551 3349; x_wconf 81' lang='lat' dir='ltr'>fitb</span> <span class='ocrx_word' id='word_1_99' title='bbox 585 3265 661 3349; x_wconf 85' lang='lat' dir='ltr'>hac</span> <span class='ocrx_word' id='word_1_100' title='bbox 706 3262 916 3348; x_wconf 88' lang='lat' dir='ltr'>decursum</span> <span class='ocrx_word' id='word_1_101' title='bbox 954 3263 1138 3350; x_wconf 83' lang='lat' dir='ltr'>vainmm</span> <span class='ocrx_word' id='word_1_102' title='bbox 1184 3265 1499 3375; x_wconf 85' lang='lat' dir='ltr'>sanguiferontm</span> <span class='ocrx_word' id='word_1_103' title='bbox 1536 3266 1780 3372; x_wconf 67' lang='lat' dir='ltr'>monstrarat,</span> 
     </span>
     <span class='ocr_line' id='line_1_15' title="bbox 236 3404 1782 3520; baseline -0.001 -30"><span class='ocrx_word' id='word_1_104' title='bbox 236 3425 337 3512; x_wconf 84' lang='lat' dir='ltr'>quae</span> <span class='ocrx_word' id='word_1_105' title='bbox 374 3407 491 3492; x_wconf 75' lang='lat' dir='ltr'>nabre</span> <span class='ocrx_word' id='word_1_106' title='bbox 526 3410 693 3492; x_wconf 86' lang='lat' dir='ltr'>materia</span> <span class='ocrx_word' id='word_1_107' title='bbox 733 3404 967 3490; x_wconf 83' lang='lat' dir='ltr'>felicislime</span> <span class='ocrx_word' id='word_1_108' title='bbox 1003 3424 1196 3514; x_wconf 81' lang='lat' dir='ltr'>apparent</span> <span class='ocrx_word' id='word_1_109' title='bbox 1227 3409 1429 3520; x_wconf 80' lang='lat' dir='ltr'>impletae.</span> <span class='ocrx_word' id='word_1_110' title='bbox 1488 3407 1653 3496; x_wconf 82' lang='lat' dir='ltr'>Extima</span> <span class='ocrx_word' id='word_1_111' title='bbox 1684 3430 1782 3495; x_wconf 86' lang='lat' dir='ltr'>vero</span> 
     </span>
     <span class='ocr_line' id='line_1_16' title="bbox 235 3543 1787 3655; baseline 0.001 -25"><span class='ocrx_word' id='word_1_112' title='bbox 235 3543 467 3654; x_wconf 75' lang='lat' dir='ltr'>litperficiea</span> <span class='ocrx_word' id='word_1_113' title='bbox 500 3547 623 3655; x_wconf 82' lang='lat' dir='ltr'>ipsrua</span> <span class='ocrx_word' id='word_1_114' title='bbox 655 3549 833 3631; x_wconf 78' lang='lat' dir='ltr'>intestini</span> <span class='ocrx_word' id='word_1_115' title='bbox 864 3553 982 3632; x_wconf 91' lang='lat' dir='ltr'>coeci</span> <span class='ocrx_word' id='word_1_116' title='bbox 1021 3571 1109 3632; x_wconf 87' lang='lat' dir='ltr'>non</span> <span class='ocrx_word' id='word_1_117' title='bbox 1137 3547 1271 3632; x_wconf 78' lang='lat' dir='ltr'>iblum</span> <span class='ocrx_word' id='word_1_118' title='bbox 1295 3545 1568 3653; x_wconf 82' lang='lat' dir='ltr'>demonstrat,</span> <span class='ocrx_word' id='word_1_119' title='bbox 1609 3553 1690 3633; x_wconf 92' lang='lat' dir='ltr'>hoc</span> <span class='ocrx_word' id='word_1_120' title='bbox 1720 3553 1787 3632; x_wconf 82' lang='lat' dir='ltr'>in·-</span> 
     </span>
    </p>
   </div>
   <div class='ocr_carea' id='block_1_7' title="bbox 233 3661 2034 3796">
    <p class='ocr_par' dir='ltr' id='par_1_10' title="bbox 233 3661 2034 3796">
     <span class='ocr_line' id='line_1_17' title="bbox 233 3661 2034 3796; baseline -0.001 -26"><span class='ocrx_word' id='word_1_121' title='bbox 233 3691 433 3774; x_wconf 81' lang='lat' dir='ltr'>testinum</span> <span class='ocrx_word' id='word_1_122' title='bbox 462 3691 596 3776; x_wconf 82' lang='lat' dir='ltr'>nnita</span> <span class='ocrx_word' id='word_1_123' title='bbox 623 3687 816 3795; x_wconf 84' lang='lat' dir='ltr'>majorem</span> <span class='ocrx_word' id='word_1_124' title='bbox 847 3688 1039 3772; x_wconf 91' lang='lat' dir='ltr'>ambitum</span> <span class='ocrx_word' id='word_1_125' title='bbox 1071 3689 1240 3792; x_wconf 89' lang='lat' dir='ltr'>habere,</span> <span class='ocrx_word' id='word_1_126' title='bbox 1269 3711 1391 3793; x_wconf 86' lang='lat' dir='ltr'>qnam</span> <span class='ocrx_word' id='word_1_127' title='bbox 1418 3688 1656 3796; x_wconf 87' lang='lat' dir='ltr'>amplislima</span> <span class='ocrx_word' id='word_1_128' title='bbox 1689 3711 1788 3794; x_wconf 79' lang='lat' dir='ltr'>pare·</span> <span class='ocrx_word' id='word_1_129' title='bbox 1861 3745 1863 3750; x_wconf 66' lang='lat'>,</span> <span class='ocrx_word' id='word_1_130' title='bbox 2030 3661 2034 3670; x_wconf 38' lang='lat'>⁵</span> 
     </span>
    </p>
   </div>
   <div class='ocr_carea' id='block_1_8' title="bbox 231 3827 1799 4938">
    <p class='ocr_par' dir='ltr' id='par_1_11' title="bbox 231 3827 1799 4938">
     <span class='ocr_line' id='line_1_18' title="bbox 236 3827 1798 3935; baseline -0.001 -20"><span class='ocrx_word' id='word_1_131' title='bbox 236 3833 524 3916; x_wconf 84' lang='lat' dir='ltr'>intestinorum</span> <span class='ocrx_word' id='word_1_132' title='bbox 553 3833 766 3935; x_wconf 86' lang='lat' dir='ltr'>tenuium,</span> <span class='ocrx_word' id='word_1_133' title='bbox 794 3850 943 3914; x_wconf 81' lang='lat' dir='ltr'>veram</span> <span class='ocrx_word' id='word_1_134' title='bbox 973 3832 1094 3914; x_wconf 90' lang='lat' dir='ltr'>etiam</span> <span class='ocrx_word' id='word_1_135' title='bbox 1139 3831 1293 3914; x_wconf 85' lang='lat' dir='ltr'>extima</span> <span class='ocrx_word' id='word_1_136' title='bbox 1321 3832 1480 3933; x_wconf 88' lang='lat' dir='ltr'>tunica,</span> <span class='ocrx_word' id='word_1_137' title='bbox 1510 3851 1611 3933; x_wconf 80' lang='lat' dir='ltr'>qaae</span> <span class='ocrx_word' id='word_1_138' title='bbox 1640 3827 1798 3914; x_wconf 84' lang='lat' dir='ltr'>itidem·</span> 
     </span>
     <span class='ocr_line' id='line_1_19' title="bbox 233 3966 1789 4080; baseline -0.001 -25"><span class='ocrx_word' id='word_1_139' title='bbox 233 3969 458 4079; x_wconf 87' lang='lat' dir='ltr'>productio</span> <span class='ocrx_word' id='word_1_140' title='bbox 484 3975 723 4080; x_wconf 85' lang='lat' dir='ltr'>peritonaei·</span> <span class='ocrx_word' id='word_1_141' title='bbox 742 3991 829 4078; x_wconf 85' lang='lat' dir='ltr'>est,</span> <span class='ocrx_word' id='word_1_142' title='bbox 875 3993 961 4054; x_wconf 88' lang='lat' dir='ltr'>nnn</span> <span class='ocrx_word' id='word_1_143' title='bbox 992 3973 1046 4055; x_wconf 89' lang='lat' dir='ltr'>ita</span> <span class='ocrx_word' id='word_1_144' title='bbox 1081 3973 1288 4078; x_wconf 88' lang='lat' dir='ltr'>aequalem</span> <span class='ocrx_word' id='word_1_145' title='bbox 1327 3970 1584 4077; x_wconf 79' lang='lat' dir='ltr'>gnlnmque</span> <span class='ocrx_word' id='word_1_146' title='bbox 1618 3966 1789 4076; x_wconf 76' lang='lat' dir='ltr'>superfi-</span> 
     </span>
     <span class='ocr_line' id='line_1_20' title="bbox 234 4109 1787 4222; baseline 0.004 -30"><span class='ocrx_word' id='word_1_147' title='bbox 234 4113 346 4195; x_wconf 85' lang='lat' dir='ltr'>ciem</span> <span class='ocrx_word' id='word_1_148' title='bbox 380 4113 453 4222; x_wconf 87' lang='lat' dir='ltr'>ipfi</span> <span class='ocrx_word' id='word_1_149' title='bbox 488 4115 677 4198; x_wconf 82' lang='lat' dir='ltr'>conciliat</span> <span class='ocrx_word' id='word_1_150' title='bbox 704 4130 826 4219; x_wconf 87' lang='lat' dir='ltr'>atquc</span> <span class='ocrx_word' id='word_1_151' title='bbox 858 4114 1078 4218; x_wconf 79' lang='lat' dir='ltr'>tenuibus,</span> <span class='ocrx_word' id='word_1_152' title='bbox 1114 4136 1260 4200; x_wconf 78' lang='lat' dir='ltr'>venam</span> <span class='ocrx_word' id='word_1_153' title='bbox 1292 4137 1368 4222; x_wconf 87' lang='lat' dir='ltr'>pro</span> <span class='ocrx_word' id='word_1_154' title='bbox 1394 4131 1512 4221; x_wconf 86' lang='lat' dir='ltr'>parte</span> <span class='ocrx_word' id='word_1_155' title='bbox 1530 4109 1686 4198; x_wconf 88' lang='lat' dir='ltr'>constat</span> <span class='ocrx_word' id='word_1_156' title='bbox 1713 4117 1787 4198; x_wconf 84' lang='lat' dir='ltr'>tri-</span> 
     </span>
     <span class='ocr_line' id='line_1_21' title="bbox 231 4251 1791 4363; baseline 0 -27"><span class='ocrx_word' id='word_1_157' title='bbox 231 4251 310 4336; x_wconf 84' lang='lat' dir='ltr'>bus</span> <span class='ocrx_word' id='word_1_158' title='bbox 336 4253 586 4360; x_wconf 85' lang='lat' dir='ltr'>ligamentis,</span> <span class='ocrx_word' id='word_1_159' title='bbox 613 4276 833 4362; x_wconf 85' lang='lat' dir='ltr'>quaecum</span> <span class='ocrx_word' id='word_1_160' title='bbox 869 4253 1063 4363; x_wconf 84' lang='lat' dir='ltr'>subjectis</span> <span class='ocrx_word' id='word_1_161' title='bbox 1091 4253 1206 4341; x_wconf 78' lang='lat' dir='ltr'>lib-ria</span> <span class='ocrx_word' id='word_1_162' title='bbox 1232 4255 1543 4356; x_wconf 77' lang='lat' dir='ltr'>muscularibus,</span> <span class='ocrx_word' id='word_1_163' title='bbox 1587 4275 1663 4361; x_wconf 88' lang='lat' dir='ltr'>per</span> <span class='ocrx_word' id='word_1_164' title='bbox 1696 4257 1791 4338; x_wconf 82' lang='lat' dir='ltr'>lon-</span> 
     </span>
     <span class='ocr_line' id='line_1_22' title="bbox 234 4389 1795 4500; baseline 0.001 -23"><span class='ocrx_word' id='word_1_165' title='bbox 234 4389 464 4500; x_wconf 77' lang='lat' dir='ltr'>gitudinem</span> <span class='ocrx_word' id='word_1_166' title='bbox 490 4398 536 4480; x_wconf 89' lang='lat' dir='ltr'>in</span> <span class='ocrx_word' id='word_1_167' title='bbox 562 4399 639 4480; x_wconf 86' lang='lat' dir='ltr'>tria</span> <span class='ocrx_word' id='word_1_168' title='bbox 675 4391 795 4480; x_wconf 83' lang='lat' dir='ltr'>strata</span> <span class='ocrx_word' id='word_1_169' title='bbox 819 4393 998 4482; x_wconf 86' lang='lat' dir='ltr'>discreta</span> <span class='ocrx_word' id='word_1_170' title='bbox 1035 4395 1360 4500; x_wconf 76' lang='lat' dir='ltr'>denarrantibus,</span> <span class='ocrx_word' id='word_1_171' title='bbox 1400 4399 1463 4481; x_wconf 82' lang='lat' dir='ltr'>ita·</span> <span class='ocrx_word' id='word_1_172' title='bbox 1490 4393 1660 4482; x_wconf 87' lang='lat' dir='ltr'>firmiter</span> <span class='ocrx_word' id='word_1_173' title='bbox 1689 4401 1795 4480; x_wconf 54' lang='lat' dir='ltr'>conss</span> 
     </span>
     <span class='ocr_line' id='line_1_23' title="bbox 231 4532 1790 4648; baseline -0.003 -26"><span class='ocrx_word' id='word_1_174' title='bbox 231 4532 364 4622; x_wconf 76' lang='lat' dir='ltr'>nexae</span> <span class='ocrx_word' id='word_1_175' title='bbox 396 4533 513 4638; x_wconf 87' lang='lat' dir='ltr'>sunt,</span> <span class='ocrx_word' id='word_1_176' title='bbox 547 4552 594 4622; x_wconf 89' lang='lat' dir='ltr'>ut</span> <span class='ocrx_word' id='word_1_177' title='bbox 612 4534 707 4621; x_wconf 89' lang='lat' dir='ltr'>inde</span> <span class='ocrx_word' id='word_1_178' title='bbox 734 4538 955 4648; x_wconf 85' lang='lat' dir='ltr'>inaequalis</span> <span class='ocrx_word' id='word_1_179' title='bbox 987 4537 1057 4624; x_wconf 85' lang='lat' dir='ltr'>fiat</span> <span class='ocrx_word' id='word_1_180' title='bbox 1079 4541 1265 4626; x_wconf 84' lang='lat' dir='ltr'>intestini</span> <span class='ocrx_word' id='word_1_181' title='bbox 1291 4540 1494 4646; x_wconf 74' lang='lat' dir='ltr'>capacitas</span> <span class='ocrx_word' id='word_1_182' title='bbox 1507 4563 1528 4638; x_wconf 89' lang='lat'>;·</span> <span class='ocrx_word' id='word_1_183' title='bbox 1572 4536 1640 4620; x_wconf 88' lang='lat' dir='ltr'>hic</span> <span class='ocrx_word' id='word_1_184' title='bbox 1672 4539 1790 4620; x_wconf 86' lang='lat' dir='ltr'>enim</span> 
     </span>
     <span class='ocr_line' id='line_1_24' title="bbox 233 4671 1631 4792; baseline 0.001 -33"><span class='ocrx_word' id='word_1_185' title='bbox 233 4671 343 4759; x_wconf 80' lang='lat' dir='ltr'>sacci</span> <span class='ocrx_word' id='word_1_186' title='bbox 371 4679 612 4782; x_wconf 85' lang='lat' dir='ltr'>ampliores,</span> <span class='ocrx_word' id='word_1_187' title='bbox 641 4678 728 4764; x_wconf 88' lang='lat' dir='ltr'>illic</span> <span class='ocrx_word' id='word_1_188' title='bbox 753 4683 889 4792; x_wconf 84' lang='lat' dir='ltr'>plicae</span> <span class='ocrx_word' id='word_1_189' title='bbox 913 4699 1169 4788; x_wconf 84' lang='lat' dir='ltr'>contractae,</span> <span class='ocrx_word' id='word_1_190' title='bbox 1198 4679 1295 4766; x_wconf 90' lang='lat' dir='ltr'>inde</span> <span class='ocrx_word' id='word_1_191' title='bbox 1317 4701 1520 4789; x_wconf 86' lang='lat' dir='ltr'>apparent.</span> <span class='ocrx_word' id='word_1_192' title='bbox 1625 4676 1631 4685; x_wconf 78' lang='grc'><strong>’</strong></span> 
     </span>
     <span class='ocr_line' id='line_1_25' title="bbox 291 4815 1799 4938; baseline 0 -34"><span class='ocrx_word' id='word_1_193' title='bbox 291 4816 543 4930; x_wconf 82' lang='lat' dir='ltr'>inutraque</span> <span class='ocrx_word' id='word_1_194' title='bbox 577 4836 691 4932; x_wconf 82' lang='lat' dir='ltr'>parte</span> <span class='ocrx_word' id='word_1_195' title='bbox 728 4825 883 4914; x_wconf 85' lang='lat' dir='ltr'>laterali</span> <span class='ocrx_word' id='word_1_196' title='bbox 919 4823 1039 4934; x_wconf 69' lang='lat' dir='ltr'>hulam</span> <span class='ocrx_word' id='word_1_197' title='bbox 1077 4819 1313 4938; x_wconf 75' lang='lat' dir='ltr'>specimina</span> <span class='ocrx_word' id='word_1_198' title='bbox 1352 4833 1453 4906; x_wconf 90' lang='lat' dir='ltr'>nota</span> <span class='ocrx_word' id='word_1_199' title='bbox 1489 4815 1799 4927; x_wconf 68' lang='lat' dir='ltr'>conjunctionis</span> 
     </span>
    </p>
   </div>
   <div class='ocr_carea' id='block_1_9' title="bbox 0 0 2368 6338">
    <p class='ocr_par' dir='ltr' id='par_1_12' title="bbox 0 0 2368 6338">
     <span class='ocr_line' id='line_1_26' title="bbox 0 0 2368 6338; baseline 0 0"><span class='ocrx_word' id='word_1_200' title='bbox 0 0 2368 6338; x_wconf 95' lang='lat' dir='ltr'> </span> 
     </span>
    </p>
   </div>
  </div>
 </body>
</html>
