4728 6338
527 461 578 546 dr
788 447 1104 542 leonum
1163 437 1833 546 ,Arra'corsrcaao'rr

519 685 721 768 coenulea
760 683 924 765 materia
955 680 1100 787 plenos
1137 670 1390 780 reddiderat,
1444 673 1556 784 quod
1598 675 1817 784 praecipue
1860 683 1990 786 patuit
2030 683 2076 764 ln

524 825 872 931 contemplatione
914 825 1075 906 tunicae
1115 822 1304 920 intimac3
1347 818 1444 904 hinc
1489 819 1763 902 arteriolaruru
1802 821 1977 904 minimis
2020 847 2076 907 ra·

521 969 645 1050 mulis
677 967 798 1049 etiam
835 965 1020 1046 coerulea
1057 964 1223 1045 materia
1248 963 1409 1068 plenis,
1441 959 1632 1066 impletio
1667 958 1825 1060 harum,
1853 982 1954 1065 quae
1980 985 2075 1069 pos·

521 1130 592 1192 tea
627 1109 743 1192 rubra
776 1110 941 1191 materia
978 1103 1232 1205 tentabatur,
1277 1124 1362 1183 non
1387 1099 1492 1182 bene
1525 1096 1775 1206 procedere,
1818 1096 1890 1182 sed
1923 1105 2074 1206 praeci-

524 1275 628 1356 puos
660 1245 912 1334 solummodo
942 1247 1137 1349 raruulos,
1168 1249 1237 1352 qui
1263 1266 1386 1330 vertas
1412 1244 1675 1346 comitantur,
1706 1241 1953 1352 conspicuos
1982 1243 2075 1358 red·

527 1391 621 1474 dere
652 1379 836 1498 potuit,¹
1259 1381 1267 1396 '
1908 1405 1911 1412 “

577 1528 688 1614 Tum
736 1552 873 1631 vero,
932 1527 1118 1611 vasorum
1164 1521 1482 1634 sanguiserorum
1531 1531 1822 1611 commercium
1876 1532 1984 1612 inter
2033 1527 2075 1612 se

521 1697 604 1786 non
642 1689 799 1756 tantum
835 1669 1091 1754 arctissimum
1122 1665 1234 1770 esse,
1263 1691 1407 1753 verum
1438 1671 1558 1750 etiam
1592 1690 1685 1754 curn
1724 1671 1853 1753 altero
1887 1666 2072 1754 vasorum

520 1815 766 1919 systemate,
810 1807 912 1898 illud
945 1812 1082 1895 locum
1120 1810 1266 1894 habere
1298 1807 1620 1896 luculentissime
1657 1833 1708 1895 cx
1739 1812 1812 1895 hoc
1845 1816 1965 1896 icone
2005 1838 2072 1919 pr·

513 1975 603 2062 :tet;
655 1961 864 2065 ingentem
893 1957 1011 2038 :enim
1047 1977 1261 2040 numerum
1295 1949 1480 2035 vasorum
1513 1949 1813 2038 absorbentium
1844 1951 2073 2062 superficia-

516 2099 648 2202 ls'um,
677 2103 852 2182 extimae
888 2097 1049 2182 tunicae
1084 2094 1355 2202 subjectorum
1364 2157 1384 2199 .,
1428 2094 1725 2205 conspicimus,
1769 2095 1822 2182 ad
1858 2121 1960 2206 quae
1992 2123 2072 2184 rna-

518 2243 646 2323 'teries
665 2242 876 2343 coemlea,
907 2241 951 2321 iu
973 2259 1095 2320 venas
1119 2235 1313 2339 immissa,
1344 2237 1518 2342 translit,
1548 2238 1847 2346 quodutiquc,
1878 2239 2069 2324 fieodem

520 2379 710 2467 successu
751 2381 890 2464 similis
920 2376 1150 2464 subtilitatis
1190 2382 1353 2462 materia
1396 2381 1440 2460 irr
1482 2384 1641 2464 arterias
1680 2378 1827 2464 fuisset
1870 2381 2069 2484 immissa,

520 2524 667 2606 eodem
705 2521 830 2606 modo
867 2525 1154 2606 commercium
1195 2522 1300 2603 inter
1338 2519 1430 2606 vasa
1469 2519 1692 2630 sanguisera
1738 2539 1781 2604 et
1823 2523 2072 2630 lymphatica

515 2665 651 2745 oculis
668 2659 924 2769 apparuisset.
951 2663 1022 2749 De
1047 2665 1127 2745 lroc
1154 2670 1403 2747 commercio
1425 2664 1507 2772 jam
1524 2687 1628 2747 anno
1650 2687 1932 2752 urnccnxxxrv
1956 2689 2071 2772 quas-

519 2807 608 2891 dam
641 2807 893 2915 conjecturas
924 2805 1058 2914 scripsr
1087 2812 1130 2891 in
1156 2810 1325 2912 libello,
1368 2811 1453 2913 qui·
1472 2807 1727 2893 inscrsoitur:
1764 2805 2072 2915 experimentum

519 2945 811 3055 arratomr'crem,
842 2969 914 3054 quo
946 2945 1229 3031 arteriolaruen
1252 2946 1582 3059 lymphaticarum
1604 2945 1825 3058 astarem
1854 2949 2072 3060 probabili·

514 3105 584 3172 rer
616 3087 866 3196 adstruiturr
910 3095 990 3178 hoc
1018 3117 1120 3181 vero
1156 3093 1339 3178 vasorum
1382 3093 1698 3202 sanguiserorum
1721 3117 1819 3180 cum
1856 3097 2072 3204 lymphati·

521 3239 590 3318 cis·
622 3241 914 3320 commercium
943 3235 1094 3321 deinde
1123 3260 1229 3320 anno
1266 3261 1502 3324 unccxcran
1535 3243 1703 3324 ulterius
1735 3235 2005 3323 demonstravi
2026 3243 2071 3322 in

516 3371 772 3486 descriptione
813 3371 1074 3482 saeculorum,
1111 3377 1155 3460 ic
1183 3376 1464 3461 intestinorum
1497 3377 1646 3462 runicis
1675 3374 1903 3486 srrbtr'lioris
1938 3393 2073 3460 anmo-

520 3517 625 3601 ariae
654 3532 771 3628 <pera
792 3517 1116 3624 detegemorreear
1143 3545 1245 3628 quac
1273 3522 1437 3628 quidem
1459 3547 1549 3608 mea
1568 3523 1770 3608 sententia
1803 3543 1944 3630 postea
1976 3547 2072 3606 con-

515 3662 667 3748 firmata
696 3683 760 3749 est
787 3669 1080 3774 experimentis
1100 3665 1296 3750 Virorum
1326 3667 1669 3772 Clarissimorum,
1702 3665 1913 3749 Vrolilr
1941 3661 2000 3744 (¹)
2028 3684 2072 3750 et

520 3805 770 3890 Fohman
797 3803 884 3912 (2),
914 3827 960 3892 et
986 3807 1081 3892 dum
1106 3806 1209 3890 lraec
1237 3805 1390 3910 scribo,
1424 3813 1626 3916 egregium
1659 3808 1909 3913 contemplor
1941 3805 2070 3914 speci-

521 3972 648 4051 men,
676 3949 786 4057 quod
817 3956 1064 4060 praeparavit
1089 3949 1169 4034 Vir
1202 3950 1267 4034 cl.
1292 3951 1330 4060 J.
1361 3951 1412 4034 L.
1446 3953 1608 4034 Conr.
1638 3946 1933 4034 Schrdder
1956 3969 1997 4030 v.
2028 3949 2067 4031 d.

518 4091 694 4190 liollr,
748 4087 956 4170 successor
990 4107 1033 4172 et
1067 4092 1225 4194 collega
1261 4091 1361 4175 milri
1403 4065 1778 4194 aestumatissimus,
1833 4093 2068 4208 portionem

523 4229 682 4313 scilicet
705 4231 961 4336 peritonael,
1000 4237 1046 4316 in
1069 4259 1148 4341 qua
1176 4229 1266 4313 vasa
1292 4231 1518 4342 sanguisera
1545 4231 1796 4318 subtilissrma
1818 4235 1982 4314 metuis
2008 4212 2070 4313 m·

520 4375 588 4450 bra
616 4386 694 4450 tem
719 4365 899 4454 feliciter
933 4369 1027 4457 snnt
1050 4379 1236 4487 impleta,
1275 4401 1322 4466 nt
1357 4404 1444 4465 non
1475 4400 1629 4466 cantune
1661 4375 1711 4460 sd
1746 4377 1968 4460 exilitatem
1997 4377 2071 4458 irn-

560 4595 621 4684 (ι)
641 4595 745 4672 cur.
766 4599 957 4674 uenae
974 4607 1084 4698 w
1099 4609 1181 4700 er
1204 4615 1301 4684 stes.
1324 4633 1361 4704 s.
1385 4631 1439 4703 aa

507 4799 514 4816 ι
557 4717 622 4804 (α)
640 4716 742 4789 corr.
772 4718 995 4806 Amarea
1022 4726 1298 4822 omma„
1326 4730 1405 4804 rear
1423 4729 1476 4804 aar
1497 4727 1702 4822 aarum
1721 4725 1781 4798 der
1801 4723 1994 4816 saum
2013 4726 2075 4794 aa

512 4828 577 4906 deo
595 4831 719 4906 Verere.
738 4833 930 4928 Briseidem
950 4842 1046 4914 cler.
