4764 6328
531 507 1424 610 FascicutusPrrtrtus.

674 1015 1188 1101 TABULA
1272 1015 1328 1102 V.

443 1539 447 1547 ,
572 1436 808 1526 rnna
887 1437 1441 1527 oraturosa

691 1781 1307 1926 areunae

286 2225 394 2376 Ut
421 2293 665 2394 inquirerem
698 2295 742 2371 in
773 2291 1080 2394 quaestionem,
1119 2292 1271 2375 anilla
1302 2314 1392 2397 pars
1424 2289 1604 2392 corporis
1636 2284 1775 2367 huma·

231 2428 305 2526 ni,
336 2449 437 2530 quae
466 2428 822 2535 Boerhavi0,
863 2429 1136 2532 HallerO,
1163 2433 1429 2536 omnibusque
1459 2428 1545 2534 eJ'us
1578 2429 1773 2532 temporis

234 2567 512 2678 physiologis,
532 2577 693 2656 nomine
714 2578 824 2656 ¹telae
855 2569 1068 2653 cellulosae
1101 2575 1262 2677 cognita
1287 2571 1394 2675 fuit,
1421 2572 1568 2655 merito
1594 2569 1674 2650 hoc
1700 2587 1774 2646 no·

233 2709 518 2818 meahabeat,
550 2709 1483 2823 anpotiuscumCl.Bordeux,Wolfio
1509 2729 1631 2815 atque
1653 2707 1785 2814 Blu-¹

232 2854 577 2939 menbachio
608 2854 791 2940 habenda
811 2857 862 2942 srt
887 2850 1096 2938 substantia
1122 2854 1381 2961 inorganica,
1411 2847 1660 2952 semifluida,
1686 2870 1774 2930 mu-

238 2988 351 3094 cosa,
394 2990 570 3100 ideoque
601 3001 680 3080 tela
713 2995 875 3082 mucosa
902 2996 983 3080 dici
1014 2995 1182 3098 debeat,
1213 3013 1371 3101 partem
1393 2995 1530 3097 ¹hanc,
1572 3009 1699 3095 aeque
1732 2993 1777 3072 in

233 3126 334 3214 statu
356 3127 450 3215 sano
470 3155 590 3240 atque
617 3136 834 3242 morboso,
867 3142 1089 3221 accuratius
1125 3141 1372 3239 examinavi,
1405 3154 1449 3218 et
1472 3136 1648 3242 primum
1680 3147 1777 3238 post

237 3273 519 3377 impletionem
555 3281 719 3360 materia
753 3283 931 3362 colorata
966 3276 1214 3360 subtilissrma
1246 3282 1430 3361 omnium
1470 3273 1654 3362 vasorum
1688 3294 1777 3354 cor·

236 3405 346 3520 p'oris
382 3413 547 3500 infantis
589 3441 730 3500 recens
760 3423 867 3522 nati,
910 3418 1062 3501 summa
1089 3442 1182 3500 cum
1212 3441 1306 3500 cura
1342 3441 1428 3498 eam
1458 3423 1580 3500 teiam
1612 3437 1774 3521 praepa-

238 3557 349 3654 ravi,
390 3578 491 3658 quae
526 3557 632 3636 inter
667 3562 893 3642 musculum
930 3559 1138 3660 obliquum
1169 3577 1381 3640 externum
1403 3576 1448 3636 et
1471 3562 1675 3637 internum
1710 3554 1779 3635 ab·

238 3687 413 3774 dominis
437 3693 569 3797 jacet,
598 3719 766 3797 eamque
792 3694 934 3778 sedulo
954 3721 980 3778 a
1000 3699 1147 3779 vicinis
1182 3695 1429 3801 separando,
1460 3697 1777 3776 membranulam

239 3832 513 3913 tenuissimam
540 3835 757 3940 acquisivi,
787 3834 900 3939 cujus
923 3833 1144 3919 delineatio
1171 3837 1238 3919 hic
1266 3832 1543 3942 conspicitur,
1573 3831 1681 3916 unde
1711 3857 1779 3938 pa·

238 3989 323 4072 tet,
354 3973 398 4052 in
425 3970 496 4051 hac
518 3991 631 4076 parte
664 3997 748 4057 non
778 3995 931 4060 tantum
957 3975 1094 4062 adesse
1113 3975 1373 4080 structuram,
1401 3975 1666 4058 tenuissimam
1695 3979 1782 4080 qui·

234 4111 364 4212 dem,
402 4130 577 4196 attamen
615 4139 753 4200 veram
789 4119 1058 4202 membranam
1097 4115 1370 4219 referentem,
1401 4111 1473 4195 sed
1508 4114 1629 4193 etiam
1660 4117 1704 4194 in
1734 4135 1780 4194 ea

244 4248 442 4334 observari
470 4272 693 4359 apparatum
716 4263 971 4343 vasculorum
998 4258 1360 4356 subtilissimorum,
1390 4249 1627 4358 etquidem
1657 4257 1779 4360 longe

242 4397 356 4478 aliam
387 4399 643 4478 minimorum
670 4397 962 4484 distributionis
985 4409 1181 4488 rationem
1209 4400 1275 4482 hic
1298 4402 1434 4480 locum
1461 4392 1634 4496 habere,
1664 4417 1782 4497 quam

244 4539 289 4617 in
322 4538 422 4648 ipsas
460 4537 571 4619 hisce
614 4542 834 4640 musculis,
890 4563 912 4621 a
950 4543 1096 4645 quibus
1141 4539 1314 4646 separata
1356 4551 1418 4616 est
1456 4535 1553 4615 haec
1586 4533 1782 4614 membra·

245 4701 310 4778 na,
367 4697 434 4761 aut
467 4701 567 4782 quae
606 4677 836 4762 observatur
867 4683 911 4762 in
954 4683 1040 4764 aliis
1084 4680 1352 4777 membranis,
1410 4700 1504 4757 cum
1541 4673 1683 4776 quibus
1721 4697 1780 4754 ra·

243 4817 359 4899 tione
391 4821 593 4902 tenuitatis
627 4823 849 4904 convenire
880 4823 1068 4925 videtur;
1119 4823 1149 4910 s1
1188 4823 1297 4904 enim
1333 4821 1453 4902 hanc·
1475 4832 1631 4921 partem
1674 4812 1779 4918 eius·

1500 4981 1522 5060 3
