4728 6338
590 445 643 526 9¹2
841 421 1159 508 leonum
1224 417 1891 508 Annsourcnn'uu

579 647 643 726 les
676 639 956 746 observantur,
993 638 1168 724 eundem
1203 639 1247 720 in
1275 635 1401 721 finem
1428 640 1641 724 transituris
1678 644 1992 728 excrementitiis
2034 638 2120 729 sae·

581 809 677 868 cum
725 788 927 892 partibus,
988 805 1091 891 quae
1141 803 1267 886 quum
1313 779 1395 862 huc
1439 785 1722 885 pervenerint,
1786 781 1978 887 majorem
2018 806 2119 868 con·

579 924 800 1007 sistentiam
845 922 976 1006 solent
1014 922 1196 1027 habere,
1251 943 1370 1025 quarn
1410 922 1454 1002 in
1504 923 1597 1002 colo
1631 921 1715 1006 srve
1755 927 1880 1029 magis
1913 920 2117 1028 superiore

582 1071 767 1151 intestini
804 1067 915 1149 crassa
942 1083 1075 1173 parte;
1108 1083 1310 1172 praeterea
1341 1060 1487 1144 eodem
1515 1059 1662 1166 modo,
1692 1066 1752 1146 uti
1782 1065 1827 1144 in
1862 1059 2116 1170 oesophago‚

578 1205 649 1286 bic
690 1227 854 1312 apparet
885 1224 1043 1314 praeter
1073 1202 1175 1286 fines
1209 1199 1392 1286 vasorum
1433 1202 1704 1286 exhalantium
1748 1207 1942 1288 maximus
1976 1229 2120 1289 nurne-

581 1369 646 1429 rus
667 1344 957 1452 .glandulantm
996 1347 1079 1430 slve
1121 1361 1349 1448 cryptarum
1385 1347 1707 1449 muciparamm,
1752 1367 1917 1451 quarum
1957 1351 2121 1431 actione

579 1483 808 1592 superficies
834 1487 932 1569 haec
962 1483 1120 1591 semper
1149 1481 1304 1567 madida
1334 1501 1378 1566 et
1405 1482 1561 1568 lubrica
1590 1483 1793 1590 servatur,
1833 1486 1944 1593 quod
1961 1477 2117 1573 ¹itidem

577 1632 622 1709 in
650 1625 865 1712 functione
893 1627 1012 1734 hujus
1039 1629 1163 1733 partis
1191 1625 1413 1709 necessario
1445 1629 1668 1730 requiritur.

629 1763 734 1848 Non
754 1765 931 1848 obstante
951 1786 1087 1850 tamen
1109 1769 1189 1850 hoc
1209 1763 1499 1871 sapientissimo
1519 1785 1682 1850 naturae
1701 1771 1895 1875 confilio,
1910 1776 1977 1856 cui
1989 1771 2114 1880 scopo

575 1895 683 1990 forte
708 1906 951 1992 satisfactum
977 1906 1146 2013 fuisset,
1181 1908 1213 1992 sr
1238 1906 1407 1992 srmilem
1430 1907 1584 2012 semper
1611 1905 1780 1993 diaetam
1802 1907 2013 1995 observare
2038 1905 2116 2021 po·

575 2047 716 2134 tu‘isset
746 2049 901 2152 homo,
928 2074 1006 2155 qua
1033 2068 1172 2133 tenera
1197 2067 1324 2131 aetate
1352 2035 1410 2133 uti
1443 2049 1572 2156 solet,
1602 2047 1811 2136 crescente
1842 2071 1972 2166 ‘aetate
2011 2055 2119 2140 adeo

573 2189 693 2294 hujus
725 2193 848 2297 partis
879 2187 1000 2273 status
1036 2207 1231 2294 mutatur,
1261 2209 1306 2272 ut
1331 2195 1403 2274 vix
1431 2190 1603 2276 eandem
1638 2210 1795 2300 partem
1822 2193 1908 2277 esse
1940 2193 2115 2304 dixeris,

571 2331 634 2412 uti
663 2353 717 2413 ex
746 2333 896 2414 intuitu
929 2331 1089 2436 majoris
1121 2329 1268 2438 figurae
1308 2331 1474 2438 ejusque
1507 2339 1807 2440 comparatione
1845 2360 1939 2422 cum
1963 2341 2113 2424 minori

572 2478 721 2582 cuique
765 2473 888 2558 sacile
921 2492 1058 2583 patet3
1098 2499 1184 2560 non
1226 2493 1383 2559 tantum
1419 2480 1528 2559 enim
1558 2477 1638 2556 hoc
1673 2479 1913 2562 intestinum
1956 2493 2114 2564 rectum

573 2615 698 2700 adulti
742 2616 919 2700 hominis
963 2618 1092 2700 multo
1138 2617 1335 2724 majorem
1373 2621 1638 2723 capacitatem
1681 2620 1915 2724 acquisrvit,
1969 2641 2116 2708 verum

562 2751 693 2842 ‘etiarn
729 2775 815 2842 tota
853 2754 983 2842 forma
1021 2761 1186 2842 intimae
1220 2759 1307 2866 ejus
1340 2757 1565 2864 superficiei
1600 2774 1750 2840 mutata
1782 2778 1859 2872 est.
1915 2761 2002 2846 Vix
2029 2765 2114 2848 ulla

570 2889 781 3006 supersunt
820 2901 989 3004 vestigia
1034 2903 1231 3006 plicarum
1279 2895 1655 3004 longitudinalium3
1696 2919 1828 3004 neque
1861 2903 2114 3006 aequabilem

511 3073 513 3078 ·
569 3038 746 3128 servavit
770 3039 1099 3148 amplitudinem,
1126 3039 1197 3124 sed
1218 3041 1286 3124 hic
1306 3042 1444 3123 locum
1453 3055 1734 3147 contractum,
1764 3041 1849 3122 illic
1875 3039 2111 3142 dilatatum,

569 3180 868 3288 conspicimus,
899 3181 1010 3287 quod
1046 3179 1213 3289 quidem
1246 3181 1505 3265 tribuendum
1542 3179 1731 3283 videtur,
1761 3185 1853 3286 quia
1878 3178 1994 3290 saepe
2022 3183 2112 3267 diu·

571 3338 726 3406 turmam
760 3345 914 3408 moram
945 3325 1013 3408 hic
1045 3321 1202 3408 faciunt
1237 3322 1394 3428 scybala
1425 3321 1609 3427 duriora,
1640 3340 1682 3405 et
1705 3323 1759 3406 src
1784 3322 1928 3407 sensim
1952 3325 2113 3405 mecha-

569 3467 661 3548 nica
694 3464 737 3546 vi
770 3459 887 3548 fibras
921 3462 1040 3570 huius
1074 3469 1225 3548 canalis
1266 3469 1418 3548 tunicas
1449 3487 1595 3548 omnes
1635 3462 1925 3549 constituentes
1964 3486 2112 3574 expan-

573 3603 677 3689 dunt
707 3622 752 3688 et
781 3608 997 3716 praecipue
1032 3606 1283 3691 tenuissimae
1323 3607 1441 3712 hujus
1473 3606 1637 3689 intimae
1667 3606 1828 3688 tunicae
1864 3604 2043 3690 habitum
2059 3584 2112 3687 'et

568 3763 745 3832 naturam
770 3771 897 3854 ‘quam
921 3752 1093 3832 maxime
1130 3766 1312 3852 mutant3
1352 3750 1485 3855 plicae
1521 3749 1633 3830 enim
1659 3748 1728 3831 hic
1764 3745 1929 3852 quidem
1965 3744 2130 3852 super·¹

571 3887 688 3993 sunt,
718 3879 791 3973 sed
822 3893 1086 3996 irregulares,
1114 3910 1156 3974 et
1193 3893 1365 3974 multum
1399 3913 1421 3972 a
1445 3893 1647 3996 primaeva
1675 3886 1808 3970 forma
1840 3885 2110 4006 differentes,

571 4029 670 4116 dum
701 4027 808 4138 ipsae
841 4028 1047 4137 glandulae
1077 4053 1240 4138 quoque
1278 4034 1501 4137 muciparae
1523 4054 1597 4138 per
1619 4028 1865 4137 pressionem
1900 4027 2017 4134 saepe
2046 4051 2110 4112 re·

569 4177 766 4276 petitam,
795 4175 956 4274 quotics
987 4171 1094 4255 duris
1124 4173 1308 4258 faecibus
1340 4178 1540 4281 repletum
1560 4173 1797 4256 intestinum
1822 4165 1974 4270 fuerit,
1995 4190 2108 4250 corn·

570 4299 752 4416 pressae,
787 4310 1009 4414 planiorem
1041 4308 1215 4396 formam
1252 4313 1506 4420 acquisrvisse
1540 4313 1582 4398 ct
1610 4317 1741 4398 minus
1772 4315 1921 4398 osculis
1959 4311 2110 4419 promi·

562 4453 758 4538 uentibus
789 4451 1034 4558 conspicuae
1067 4455 1253 4541 mansisse
1281 4457 1484 4544 videntur.

627 4588 742 4678 Idem
775 4591 1071 4682 observavimus
1101 4599 1146 4681 in
1179 4596 1431 4709 oesophag03
1460 4597 1643 4707 quamvis
1668 4597 1776 4682 enim
1804 4618 1890 4680 non
1915 4613 1995 4680 tam
2025 4618 2108 4678 ma·
