4728 6338
593 439 649 544 84
842 423 1161 524 Icouuu
1226 433 1895 562 Auarourranuu

582 663 714 747 aeriae
753 656 1009 746 faeculentae
1046 657 1097 744 ad
1139 654 1350 767 processus
1388 655 1663 746 vermiformie
1681 662 1899 747 ‘internam
1933 657 2120 768 capacita·

524 791 526 798 ’
586 823 672 890 tem
702 802 863 917 prorsus
886 800 1092 912 impediat.
1298 781 1300 786 ⁵
1809 917 1812 923 ἱ

635 942 746 1031 Infra
785 945 889 1028 hanc
944 962 1167 1053 aperturam
1206 939 1419 1049 processus
1463 937 1731 1028 vermiformis
1767 944 1846 1028 alla
1874 942 2005 1028 multo
2043 965 2122 1028 mr·

577 1087 649 1193 jor
682 1104 865 1196 apertura
900 1091 944 1173 in
977 1089 1099 1170 icone
1138 1102 1330 1194 apparet,
1366 1105 1472 1191 quae
1506 1104 1593 1166 non
1628 1081 1861 1186 rumndam,
1898 1079 1969 1167 sed
2001 1097 2120 1166 tranr-

584 1225 766 1332 versam,
809 1225 978 1312 formam
1004 1229 1154 1331 habet,
1194 1249 1269 1332 per
1300 1225 1383 1310 duo
1417 1227 1519 1309 labia
1552 1219 1828 1331 crassasatis,
1863 1242 1908 1311 et
1931 1221 2120 1310 formatur

582 1392 605 1448 a
637 1375 895 1475 prominente
926 1369 1119 1452 interiore
1141 1363 1352 1474 superficie
1380 1363 1471 1449 finis
1503 1368 1689 1451 intestini
1715 1368 1809 1469 ilei,
1837 1363 1949 1471 quod
1975 1362 2120 1449 crasso·

583 1531 670 1592 rum
703 1513 836 1616 primo
865 1508 1078 1612 inseritur,
1108 1513 1163 1593 ita
1200 1525 1246 1590 ut
1277 1503 1584 1614 quodammodo
1614 1509 1659 1590 in
1685 1505 1770 1614 ejus
1804 1529 1952 1594 cavum
1974 1505 2120 1614 depen-

577 1649 697 1754 deat,
729 1669 771 1734 et
797 1652 997 1735 valvulam
1023 1646 1249 1756 producat,
1282 1670 1384 1753 quae
1412 1644 1571 1730 duobus
1603 1642 1800 1732 formatur
1835 1649 1975 1751 labiis,
2006 1643 2118 1754 supe·

583 1795 688 1876 tiore
714 1793 900 1895 minore,
930 1787 1123 1874 inferiore
1157 1787 1335 1896 maiore,
1365 1807 1410 1871 et
1433 1763 1572 1872 rimam
1604 1789 1866 1875 uansversam
1891 1792 1998 1874 inter
2018 1790 2118 1874 haec

575 1937 805 2039 relinquat,
847 1956 925 2038 qua
959 1935 1026 2016 via
1060 1949 1170 2038 patet
1205 1951 1256 2012 ex
1284 1929 1481 2012 intestino
1524 1930 1607 2012 ileo
1645 1931 1688 2013 in
1724 1952 1922 2035 coecum,
1961 1947 2009 2015 ut
2039 1953 2120 2016 ma·

577 2076 701 2157 teries
729 2070 969 2156 'faeculenta
995 2050 1046 2154 e'x
1073 2053 1156 2156 ileo
1186 2073 1231 2154 in
1256 2093 1426 2154 coecum
1459 2069 1620 2155 effluere
1645 2069 1794 2178 possrt;
1822 2093 1908 2154 non
1930 2095 2033 2158 vero
2059 2093 2118 2156 re·

580 2217 666 2302 dire
696 2239 749 2301 ex
782 2216 864 2297 hoc
893 2216 936 2296 in
967 2217 1203 2297 intestinum
1248 2229 1400 2313 tenue3
1456 2233 1597 2294 omnes
1633 2214 1742 2296 enim
1777 2215 1849 2297 ilei
1882 2217 2042 2328 tunicae
2071 2211 2121 2296 ad

577 2359 680 2442 haec
707 2355 818 2440 labia
840 2355 923 2438 srve
949 2355 1054 2438 hanc
1084 2355 1283 2438 valvulam
1309 2351 1556 2437 formandam
1576 2373 1852 2457 concurrunt,
1877 2373 1924 2438 et
1961 2353 2119 2440 domun

580 2495 799 2584 continuae
822 2495 922 2578 fiunt
948 2497 992 2580 in
1018 2501 1174 2581 tunicas
1204 2492 1485 2599 subsequentis
1514 2497 1698 2580 intestini
1730 2495 1859 2580 crassi.
1976 2533 1977 2538 ι

634 2639 697 2721 lta
721 2634 943 2721 constructa
973 2637 1073 2720 haec
1110 2638 1215 2722 labia
1244 2635 1361 2742 sunt,
1388 2657 1435 2722 ut
1456 2642 1500 2723 in
1517 2636 1622 2722 statu
1646 2641 1814 2722 naturab
1846 2641 1963 2723 inter
1984 2636 2029 2756 ie
2049 2661 2119 2748 ap·

577 2783 751 2888 plicatae
781 2780 858 2863 srnt
894 2800 968 2884 per
1002 2782 1209 2864 actionem
1243 2777 1429 2864 fibrarum
1467 2783 1631 2864 tunicae
1668 2780 1899 2864 muscularir
1938 2781 2127 2866 intestini.

581 2918 676 3023 ilei,
722 2941 824 3023 quae
866 2936 997 3003 tamen
1037 2903 1259 3004 fulciuntur
1298 2919 1531 3008 busiridis
1574 2918 1836 3028 conspicuis,
1877 2942 1979 3028 quae
2016 2920 2122 3030 quast

579 3067 797 3168 ligamenta
828 3082 901 3166 per
921 3061 1011 3143 coli
1039 3058 1288 3167 superficiem
1310 3061 1550 3168 decurntnt,
1580 3079 1623 3146 ot
1644 3059 1761 3146 fibras
1781 3061 2025 3169 conjunctas
2053 3064 2120 3146 bn·

580 3191 681 3283 b'ent
719 3223 814 3284 cum
843 3195 954 3284 fibris
987 3204 1276 3288 muscularibus
1307 3205 1434 3312 ipfius
1472 3207 1677 3307 valvulae3
1719 3206 1815 3288 hinc
1852 3205 1883 3290 u
1920 3209 2121 3312 repletum

581 3345 707 3426 colon
750 3341 825 3443 srt,
867 3338 1065 3427 clauditur
1106 3346 1267 3431 vulvula
1299 3351 1425 3454 magia
1455 3370 1535 3456 per
1571 3345 1706 3432 tensas
1734 3347 1859 3431 baace
1887 3342 2032 3447 fibras,
2065 3365 2118 3428 ne

573 3483 700 3570 nimia
730 3481 949 3587 quantitate
986 3478 1101 3565 srmul
1137 3483 1373 3574 obrueretur
1403 3511 1604 3597 coecum,
1655 3507 1724 3573 aut
1764 3485 1942 3573 redirent
1983 3484 2119 3572 faeces

580 3641 794 3732 corruptae
837 3621 889 3706 ad
916 3625 1156 3708 intestinum
1191 3631 1340 3732 ileum;
1366 3635 1553 3716 inomni
1581 3651 1682 3716 vero
1704 3631 1863 3716 ambitu
1888 3627 2007 3734 huius
2038 3631 2124 3714 val·

579 3767 697 3848 vulne
728 3759 1034 3871 conspiciuntur
1065 3768 1258 3871 plurimae
1291 3770 1502 3878 glmdolae
1528 3769 1746 3875 mucoiae,
1775 3791 1994 3878 quaecum
2018 3767 2118 3854 vasta

581 3904 856 3988 exhalantibus
877 3905 1093 3991 innumeris
1114 3908 1261 4016 iustam
1289 3916 1448 4018 copiam
1471 3913 1643 4017 liquoris
1667 3913 1902 3996 lubricantis
1928 3905 2118 4012 efferunt,

582 4065 665 4146 quo
699 4043 830 4148 glabra
858 4041 1073 4130 admodum
1110 4057 1243 4137 omnis
1289 4052 1520 4163 superficies
1554 4057 1713 4137 interna
1750 4071 1844 4157 est,
1893 4047 2004 4134 unde
2053 4047 2119 4132 ad·

583 4177 749 4262 modum
775 4177 904 4266 facilis
933 4185 1173 4274 concedatur
1211 4196 1341 4280 exitus
1377 4201 1461 4302 iis,
1500 4201 1680 4303 quaein
1711 4198 1796 4279 ileo
1829 4210 2009 4276 murram
2037 4187 2118 4274 lae·

586 4321 790 4403 culentam
821 4319 1062 4432 induerunt,
1092 4339 1308 4442 praecipue
1340 4361 1391 4420 eo
1419 4356 1633 4445 tempore,
1682 4355 1766 4438 quo
1806 4329 1967 4440 depluta
2001 4326 2120 4414 crassa

587 4457 735 4538 nubam
762 4461 985 4549 terrfionem
1015 4464 1126 4556 fibris
1155 4482 1440 4565 muscularibua
1472 4475 1716 4587 producunt.
1744 4466 1804 4553 (r)

628 4661 687 4746 (1)
708 4665 808 4738 conf.
831 4669 896 4740 Ph.
918 4673 1031 4743 Amb.
1057 4676 1095 4744 M
1103 4681 1271 4768 arnerr,
1290 4683 1520 4769 praeamara
1539 4691 1573 4756 ln
1599 4687 1645 4756 Η.
1665 4685 1936 4768 lloerbaave,
1957 4687 2123 4774 institutio-

583 4777 816 4867 maritanas,
836 4789 870 4873 s.
884 4795 957 4859 108.
978 4791 1236 4886 Morgarne,
1250 4803 1293 4868 in
1313 4801 1547 4889 adrerfianat.
1564 4801 1626 4871 N0.
1640 4801 1698 4870 111.
1720 4799 1759 4869 li.
1773 4799 1813 4868 Β.
1827 4797 2132 4883 Albinumno
