4764 6328
597 469 1472 563 FuscrcutusPnruua
1754 493 1807 593 Q

276 702 382 803 quasi
416 695 645 800 constituit,
675 691 725 781 ad
748 716 868 800 quem
898 695 1027 780 fluunt
1057 697 1278 802 lacrymae,
1309 716 1352 781 et
1378 703 1421 782 in
1447 720 1530 807 quo
1559 702 1808 810 retinentur,

273 863 319 925 ut
345 866 367 922 a
392 844 698 924 carunculonrm
735 837 1007 940 lacrymalium
1034 839 1205 936 osculis,
1260 840 1304 920 in
1335 843 1494 923 interno
1527 846 1673 950 angulo
1704 851 1812 930 oculi

272 980 357 1063 sese
377 977 709 1081 monstrantibus,
738 976 938 1059 absorberi
963 978 1129 1082 possint.
1160 977 1279 1060 Setae
1306 979 1498 1065 immissae
1527 981 1615 1065 sunt
1642 988 1683 1065 in
1708 987 1808 1068 haec

271 1113 419 1230 puncta
447 1125 698 1226 lacrymalla,
732 1142 833 1222 quae
856 1116 1053 1223 absorptae
1088 1123 1279 1222 lacrymas
1315 1119 1465 1204 ducunt
1490 1124 1536 1202 in
1559 1121 1715 1208 saccum
1755 1131 1807 1209 la-

271 1265 490 1367 crymalem
512 1285 585 1367 per
607 1283 755 1344 cornua
776 1259 830 1342 s1c
860 1258 968 1341 dicta
1000 1263 1215 1360 limacum;
1244 1285 1293 1343 ex
1324 1265 1402 1344 hoc
1428 1265 1572 1367 facco,
1593 1266 1642 1347 ad
1674 1276 1808 1374 anguli

269 1408 415 1486 interni
438 1401 671 1487 inferiorem
692 1419 844 1507 partem
865 1398 1177 1506 conspiciend0,
1203 1407 1328 1508 etqui
1352 1408 1604 1507 membrana,
1631 1413 1805 1491 vasculis

268 1551 413 1651 plena,
438 1550 593 1628 interna
615 1540 800 1642 mucosa,
815 1539 1015 1624 obductus
1046 1560 1130 1642 est,
1147 1539 1358 1624 descendit
1380 1544 1524 1629 ductus
1553 1550 1807 1650 lacrymulis,

209 1695 211 1700 ’
268 1693 340 1772 vel
366 1686 506 1768 nasalis
533 1681 858 1784 membranosus,
887 1701 930 1763 et
955 1685 1129 1766 vasculis
1161 1682 1376 1780 ditissrrnus
1414 1684 1463 1766 ad
1495 1684 1666 1770 fundum
1701 1692 1806 1769 cavi-

268 1833 359 1912 tatis
386 1832 536 1909 narium
559 1845 684 1928 usque
706 1841 800 1905 ante
832 1842 988 1906 antrum
1022 1823 1065 1904 H
1080 1827 1167 1930 ige
1184 1828 1303 1909 hmo
1320 1831 1388 1926 ri,
1420 1826 1701 1932 quodetiam,
1731 1829 1808 1912 dif-

268 1969 406 2054 fractis
427 1967 606 2071 ossrbus,
628 1965 976 2060 membranaceum
1006 1983 1049 2047 et
1077 1970 1251 2050 vasculis
1286 1965 1524 2080 ditissimum
1548 1969 1590 2047 in
1615 1971 1695 2051 hoc
1713 1969 1802 2074 spe·

267 2115 419 2193 cimine
473 2112 672 2209 cernitur,
723 2128 831 2211 pone
849 2147 854 2156 ·
873 2102 998 2189 finem
1036 2109 1105 2191 vel
1154 2104 1414 2188 insertionem
1453 2103 1596 2188 ductus
1637 2106 1804 2210 nasalis,

266 2255 440 2334 inillam
472 2252 725 2332 membranae
754 2246 1253 2330 Schneiderianae
1277 2263 1456 2352 partem,
1484 2268 1585 2349 quae
1608 2253 1803 2366 parietem

265 2409 475 2474 externum
500 2392 684 2475 cavitatis
721 2391 875 2472 narium
901 2405 944 2470 et
981 2385 1153 2471 fundum
1187 2391 1378 2490 investit,
1410 2405 1452 2468 et
1477 2386 1590 2491 cujus
1624 2393 1804 2472 exterior

266 2529 494 2637 superficies
523 2548 614 2613 ante
647 2548 811 2635 etpost
844 2548 1106 2613 memoratum
1136 2528 1304 2611 ductum
1334 2529 1559 2611 membrana
1589 2503 1801 2610 celluloso-
1893 2535 1899 2546 '

266 2671 419 2775 serosa,
440 2677 614 2776 vasculis
637 2675 814 2757 minimis
831 2671 1043 2774 ditissima,
1068 2689 1176 2756 tecta
1192 2688 1282 2773 est3
1315 2668 1410 2754 dum
1423 2693 1513 2752 ante
1535 2670 1637 2752 hanc
1657 2691 1802 2776 expan-

263 2815 415 2898 sionem
441 2833 626 2918 apertura
655 2818 831 2896 exterior
853 2815 1033 2896 cavitatis
1056 2817 1207 2897 narium
1230 2815 1428 2910 cernitur,
1456 2812 1688 2894 membrana
1703 2834 1802 2928 mu-

267 2951 357 3034 cosa
381 2953 460 3057 iarn
486 2953 727 3060 conspicua,
758 2953 873 3059 cuius
896 2975 1034 3041 natura
1052 2962 1096 3040 in
1117 2954 1296 3062 sequenti
1324 2960 1444 3037 icone
1467 2954 1608 3048 clarius
1628 2953 1681 3034 ob
1706 2975 1803 3034 ocu·
1861 2947 1867 2957 ’

264 3101 324 3178 los
359 3097 536 3201 ponitur.
570 3091 628 3174 (¹)

708 3503 1222 3593 FIGURA.
1308 3512 1360 3595 ΙΙ.

314 3924 430 4010 Haec
452 3924 572 4004 altera
597 3923 694 4003 icon
722 3919 935 4026 monstrat,
967 3927 1087 4008 etiam
1110 3922 1321 4009 artificiosa
1350 3926 1534 4012 vasorum
1560 3909 1799 4036 impletione

257 4081 554 4174 praeparatum,
569 4080 704 4147 totum
723 4086 915 4170 organum
941 4063 1114 4148 olfactus
1136 4063 1301 4152 infantis
1329 4091 1472 4152 recens
1494 4074 1576 4152 nati
1589 4132 1602 4172 ,
1617 4072 1799 4177 pendens

258 4232 280 4289 a
312 4211 435 4290 crista·
462 4205 516 4288 src
548 4201 656 4287 dicta
698 4205 816 4308 galli,
858 4229 986 4310 quae,
1020 4208 1211 4290 alamina
1243 4208 1416 4292 cribrosa
1451 4209 1546 4294 ossis
1573 4207 1798 4294 ethmoidei

258 4368 366 4450 orta,
394 4343 545 4429 sursum
567 4350 785 4451 prominet.
829 4349 870 4429 A
889 4365 1000 4453 parte
1025 4348 1179 4432 finistra
1208 4345 1452 4454 conspicitur
1482 4352 1709 4434 membrana
1737 4354 1797 4433 in-

257 4509 371 4573 terna
396 4489 575 4570 cavitatis
611 4489 825 4573 maxillaris
858 4484 1102 4596 superioris,
1149 4489 1327 4582 nondum
1358 4489 1447 4574 satis
1486 4489 1705 4599 formatae,
1755 4509 1797 4574 ct

297 4788 356 4873 (r)
376 4786 478 4860 eonf.
500 4791 562 4861 N‘.
587 4812 661 4879 2³3·
686 4791 908 4881 descriptionis
930 4796 1046 4867 Musei.
