4728 6338
602 390 666 516 ss'
859 419 1174 511 leonum
1240 419 1907 518 Auaaomacaamm

597 657 752 734 ciuntur
790 645 992 750 glandulas
1032 649 1140 741 illas,
1183 644 1320 748 quales
1360 641 1587 744 physiologi
1623 649 1771 748 etiam,
1815 650 1883 750 qui
1918 667 2000 730 non
2038 649 2129 736 satis

597 786 826 870 constanter
854 792 898 870 in
929 786 1205 890 disquisitione
1233 785 1453 863 anatomica
1488 785 1769 866 intestinorum
1801 792 1985 872 tenuium
2012 788 2131 877 mori-

597 957 669 1014 cae
704 931 819 1015 sanae
854 932 999 1012 horum
1034 929 1366 1030 corpusculorum
1404 922 1621 1004 absentiam
1660 923 1946 1032 observarunt,
1988 933 2057 1014 vel
2078 930 2128 1015 ad

593 1073 1024 1156 Brunnerianas
1055 1071 1121 1148 vel
1152 1065 1202 1146 ad
1232 1065 1582 1167 P'eyerianas
1612 1069 1815 1168 pertinere
1845 1071 2130 1176 opinabantur3

594 1236 695 1317 quae
727 1233 828 1292 vero
871 1232 948 1308 ego
985 1204 1167 1289 morbosa
1204 1203 1442 1325 conditione
1475 1209 1753 1308 vasculorum,
1784 1231 1884 1311 quae
1920 1232 1970 1290 ex
1995 1219 2130 1298 tunica

596 1350 803 1436 vasculoso
823 1369 968 1433 nervea
985 1347 1031 1427 ad
1050 1344 1229 1430 villosam
1250 1344 1410 1426 transire
1440 1343 1591 1450 solent,
1620 1369 1705 1430 orta
1718 1369 1885 1455 putem,
1916 1376 2124 1460 quaeque,

593 1498 662 1575 vel
694 1491 965 1575 obstructione
994 1493 1037 1570 in
1062 1491 1210 1570 vicinis
1239 1487 1366 1586 vasis,
1395 1489 1463 1567 vel
1492 1484 1649 1570 stimulo
1681 1490 1854 1592 quodam
1883 1495 1932 1572 ab
1961 1499 2128 1578 acrimo-

597 1617 679 1714 nia¹
703 1654 951 1734 quacumque
991 1631 1223 1710 abnormem
1268 1623 1460 1708 fabricam
1495 1630 1546 1708 'in
1583 1633 1717 1711 tunica
1756 1632 1962 1714 vasculosa
1995 1641 2130 1741 acqui·

589 1772 727 1858 sivisse
762 1771 972 1871 videntum
1003 1775 1058 1852 in·
1084 1771 1158 1850 hac
1198 1769 1305 1849 enim
1344 1771 1480 1848 tunica
1520 1768 1726 1850 vasculosa
1756 1771 1856 1851 haec
1892 1783 2129 1879 corpuscula

542 1967 547 1976 ·
591 1914 698 1996 suam
734 1911 868 1994 sedem
899 1911 1049 1992 habere
1082 1934 1134 1992 ex
1166 1911 1510 2014 contemplatione
1548 1910 1685 1992 harum
1720 1916 1885 1998 iconum
1917 1939 2028 2000 certe
2062 1944 2129 2026 pa·

591 2075 675 2156 tet3
704 2077 795 2134 nam
831 2054 959 2133 multo
994 2051 1185 2156 majorem
1218 2053 1414 2130 ambitum
1445 2047 1743 2154 monstrant‚s1
1780 2049 1941 2138 sublatis
1977 2061 2128 2142 tunicis

593 2197 757 2298 reliquis
790 2191 936 2272 nudam
967 2189 1236 2294 maculosam,
1268 2194 1311 2272 in
1349 2214 1426 2293 qua
1459 2191 1623 2271 haerent
1648 2188 1897 2295 firmissime,
1927 2201 2126 2284 erramina·

462 2384 468 2394 ·
589 2361 702 2437 nrus3
731 2336 960 2440 prominent
995 2333 1159 2436 quidem
1189 2335 1311 2414 etiam
1346 2334 1388 2412 in
1421 2329 1584 2446 villosae
1619 2333 1685 2412 illa
1716 2351 1858 2436 parte,
1896 2357 1997 2438 quae
2033 2359 2129 2424 cum
2183 2375 2185 2380 ¹

591 2474 794 2560 vasculosa
824 2476 1034 2574 cohaeret,
1064 2492 1109 2554 ut
1135 2476 1178 2554 in
1212 2473 1314 2554 Tab.
1346 2473 1438 2554 XV.
1468 2491 1598 2577 patct;
1627 2475 1756 2552 multo
1782 2473 1907 2579 majus
1933 2499 2034 2558 vero
2055 2499 2129 2558 vo-

591 2620 729 2697 lumen
759 2611 977 2694 monstrant
1011 2617 1166 2714 onmia,
1198 2633 1241 2694 et
1269 2615 1484 2718 praecipue
1515 2615 1733 2694 maximum
1763 2634 1904 2694 eorum
1934 2603 2059 2708 offert
2087 2619 2133 2704 ira

565 2752 695 2836 ‘Tab.
739 2753 877 2854 xvl,
920 2754 988 2834 ubi
1029 2753 1202 2858 separata
1237 2753 1380 2838 villosa
1421 2775 1464 2834 et
1501 2753 1717 2854 inferiora,
1760 2759 1989 2838 muscularis
2029 2781 2128 2842 vero

589 2893 817 3000 superiora,
855 2893 991 2974 versus
1028 2897 1174 2978 reflexa
1217 2915 1305 2998 est,
1349 2917 1391 2975 et
1421 2895 1652 2977 vasculosae
1688 2915 1851 2976 externa
1891 2893 2124 3000 superficies

591 3041 853 3152 proponitur;
892 3055 934 3116 ct
969 3034 997 3116 sr
1031 3042 1152 3118 oculo
1184 3040 1293 3117 lente
1330 3059 1481 3118 armato
1519 3041 1561 3117 in
1599 3037 1698 3116 haec
1731 3041 1969 3140 corpuscula
1999 3043 2131 3142 inqui·

593 3167 745 3278 ramus,
784 3196 919 3279 patet,
965 3201 1013 3257 ea
1052 3175 1231 3266 constare
1269 3182 1513 3277 glomeribus
1545 3179 1795 3258 vasculomm
1839 3169 2122 3284 minimorum,

591 3312 756 3396 sebacea
789 3314 955 3418 quadam
984 3322 1146 3399 materia
1179 3319 1504 3416 cohaerentium3
1532 3321 1689 3399 nullum
1719 3341 1819 3398 vero
1850 3339 1944 3420 vas,
1973 3339 2042 3402 aut
2063 3345 2128 3403 os·

590 3459 723 3540 culum
759 3461 1130 3574 excretorium,in
1160 3460 1209 3538 iis
1247 3458 1380 3560 detegi
1412 3476 1570 3562 potest,
1600 3480 1718 3561 quare
1756 3461 1888 3563 nullus
1920 3460 2022 3539 mihi
2056 3458 2127 3542 du.

593 3593 744 3675 bitandi
790 3599 906 3676 locus
947 3593 1150 3700 superesse
1190 3597 1376 3700 videtur,
1421 3604 1519 3700 quin
1558 3622 1602 3678 ea
1639 3596 1687 3678 ad
1721 3593 1859 3676 statum
1897 3598 2124 3684 morbosum

589 3735 706 3839 huius
737 3737 859 3840 partis
894 3739 1078 3818 intestini
1115 3743 1368 3842 pertincant,
1399 3758 1439 3817 ct
1474 3759 1720 3841 nequaquam
1752 3733 1993 3819 constituant
2019 3741 2150 3844 glan-⁴

591 3873 726 3974 dulas,
755 3897 856 3976 quae
894 3861 941 3954 ad
980 3874 1233 3959 fonctionem
1263 3877 1348 3982 ejus
1381 3877 1509 3960 stanam
1547 3883 1767 3983 pertinent.

649 4016 808 4100 Adsunt
843 4020 948 4098 cnim
988 4023 1111 4099 etiam
1149 4025 1191 4103 in
1228 4037 1377 4101 nostro
1408 4018 1560 4101 Museo
1597 4020 1810 4125 specimina
1842 4020 2120 4127 patrologie,

522 4199 524 4204 ,
590 4177 693 4258 quae
742 4158 833 4234 talia
874 4158 1111 4255 corpuscula
1152 4155 1400 4258 monstrant,
1457 4156 1525 4242 sed
1569 4161 1646 4266 jam
1697 4159 1746 4241 ad
1787 4165 2125 4246 exulcerationem

591 4289 805 4399 perdocta,
844 4294 973 4391 qualia
1004 4290 1237 4376 delineanda
1273 4305 1426 4382 curavit
1457 4301 1522 4383 Cl.
1553 4298 1768 4384 Baillie
1796 4295 1880 4401 (¹),
1926 4319 1972 4382 et
1998 4303 2125 4385 nullus

590 4429 760 4531 dubito,
782 4433 882 4532 quio
907 4429 1102 4517 srdiutius
1130 4435 1294 4549 vixisset
1312 4437 1477 4547 infans,
1509 4463 1563 4528 ex
1594 4465 1676 4550 quo
1698 4463 1881 4530 noenum
1917 4439 2123 4548 specimen

630 4717 691 4805 (a)
711 4717 817 4792 Coos.
840 4719 883 4792 L.
908 4723 948 4796 C.
975 4723 1065 4796 rm.
1087 4727 1147 4799 lv,
1170 4729 1259 4802 Tab.
1284 4755 1317 4803 r.
1332 4734 1411 4822 Fit.
1436 4756 1456 4806 n
1479 4748 1566 4820 eta.
